3561 5729
1899 547 2217 609 ...88-

942 691 1339 759 domesticis
1365 693 1697 776 cujusque
1734 691 1966 775 gentis
1999 692 2306 758 moribus
2340 692 2604 759 imbuta
2634 693 2808 759 adeo
2838 695 2967 771 est,
2999 698 3077 760 ut
3107 713 3192 761 ex

940 805 1165 896 patrio
1201 804 1551 871 domicilio
1582 823 1719 871 non
1746 805 2094 889 emigrare
2129 807 2369 891 possit,
2407 807 2570 891 quin
2608 807 2978 892 peregrina
3011 808 3195 874 inso-

939 919 1224 1004 lensque
1284 918 1620 985 videatur.
1675 919 1884 984 Nulla
1934 918 2189 1003 alioqui
2249 922 2445 985 erant
2501 918 2570 985 in
2624 920 2890 1004 tragico
2938 938 3194 1005 genere

940 1032 1470 1101 vernaculorum
1508 1036 1742 1098 vatum
1794 1032 2115 1116 vestigia,
2163 1051 2318 1116 quae
2354 1033 2658 1117 aequales
2698 1037 2921 1119 poetae
2956 1054 3198 1120 seque-

939 1150 1223 1213 rentur:
1278 1141 1613 1234 mysteria
1646 1145 1858 1223 enim,
1909 1144 2167 1210 nullius
2217 1145 2623 1240 plerumque
2665 1147 2892 1234 pretii,
2939 1166 2982 1212 a
3028 1147 3198 1232 legi-

939 1261 1110 1329 tima
1136 1260 1504 1346 tragoediae
1534 1260 1763 1349 specie
1794 1259 2073 1345 longius
2121 1261 2433 1342 aberant,
2462 1279 2668 1346 quam
2706 1264 2778 1327 ut
2818 1262 3077 1348 aliquid
3115 1281 3198 1329 ex

940 1375 1029 1441 iis
1077 1374 1341 1441 hauriri
1396 1383 1663 1459 posset;
1716 1375 2057 1440 comicum
2109 1380 2348 1440 contra
2398 1394 2646 1458 genuS‚
2703 1377 3019 1459 quamvis
3072 1376 3201 1442 hoc

943 1505 1194 1555 nomen
1254 1487 1482 1553 media
1529 1486 1601 1551 in
1653 1490 1858 1552 aetate
1916 1505 2055 1552 non
2103 1486 2427 1553 usitatum
2477 1487 2742 1569 suisset,
2794 1484 3204 1572 quibusdam

942 1600 1139 1685 quasi
1189 1600 1562 1675 radicibus,
1604 1600 1826 1685 patrio
1875 1600 2024 1666 solo
2060 1600 2241 1676 fixis,
2290 1601 2742 1685 innitebatur;
2784 1603 2932 1686 jam
2964 1601 3208 1691 praeci-

946 1731 1119 1803 puas
1154 1713 1560 1779 recentioris
1599 1713 1963 1779 comoediae
2013 1731 2346 1797 personas
2382 1713 2967 1780 adumbraverant
3002 1713 3206 1798 prisci

947 1827 1193 1894 Galliae
1244 1838 1492 1915 poetae,
1531 1827 1772 1911 quales
1813 1827 2106 1911 septimo
2134 1827 2403 1893 decimo
2437 1828 2696 1894 saeculo
2737 1828 3062 1894 Mo‘erius
3091 1828 3211 1893 ab-

949 1942 1178 2008 solvit.
1220 1943 1456 2025 Itaque
1486 1942 1661 2007 sexti
1698 1941 1947 2006 decimi
1981 1941 2216 2007 saeculi
2253 1942 2692 2022 comoediam,
2730 1942 3002 2008 etiamsi
3031 1941 3211 2007 Aris·

950 2056 1324 2145 tophanem
1359 2056 1610 2135 rarius,
1658 2056 1975 2122 Plautum
2019 2056 2276 2141 saepius
2314 2074 2397 2122 ac
2442 2057 2836 2122 Terentium
2881 2057 3208 2135 imitetur,

951 2187 1173 2253 neque
1222 2187 1524 2253 graecam
1575 2188 1796 2253 neque
1847 2169 2129 2234 latinam
2176 2188 2329 2235 esse
2374 2188 2536 2234 vere
2574 2170 2903 2235 affirmari
2956 2172 3208 2255 potest;

955 2305 1041 2352 ex
1094 2285 1376 2352 comicis
1431 2285 1681 2351 mediae
1731 2285 1957 2351 aetatis
2013 2287 2389 2369 generibus
2443 2290 2700 2359 manat,
2757 2289 2848 2366 et,
2902 2287 3217 2370 quamvis

954 2400 1313 2475 Jodellius‚
1352 2400 1692 2466 Grexinus
1718 2400 2066 2483 ceterique
2102 2400 2254 2465 haec
2294 2400 2359 2465 in
2392 2399 2701 2485 prologis
2738 2400 3093 2485 exagitent
3136 2418 3217 2465 ac

957 2513 1340 2592 derideant,
1371 2512 1531 2578 inde
1566 2516 1795 2578 tamen
1833 2517 1902 2578 et
1931 2513 2319 2578 fabularum
2353 2518 2764 2597 argumenta
2799 2516 2868 2579 et
2902 2532 3219 2598 persona-

960 2645 1113 2693 rum
1157 2644 1383 2691 mores
1426 2625 1793 2691 deducunt.
1844 2628 2275 2711 Quapropter
2320 2626 2658 2691 comicum
2695 2644 2868 2711 opus
2901 2626 3216 2693 libertate

960 2757 1234 2824 semper
1270 2757 1469 2804 usum
1504 2742 1630 2812 est,
1669 2757 1877 2822 quam
1916 2739 2202 2821 tragicis
2238 2739 2509 2805 vatibus
2545 2758 2892 2823 nunquam
2941 2758 3218 2806 conces-

961 2873 1115 2932 sere
1147 2852 1414 2919 Artium
1451 2853 1872 2939 poeticarum
1913 2853 2307 2938 scriptores.
2342 2853 2877 2938 Angustioribus
2909 2853 3218 2921 terminis

964 2969 1142 3034 hanc
1176 2968 1524 3033 licentiam
1565 2968 1891 3034 cohibere
1928 2974 1995 3034 et
2028 2970 2442 3036 domesticas
2490 2970 2867 3036 comoedias
2909 2971 2982 3036 in
3015 2970 3221 3036 artio-

964 3101 1111 3148 rem
1149 3085 1457 3168 veterum
1503 3081 1958 3148 imitationem
2004 3082 2256 3148 invitas
2289 3083 2735 3168 compingere
2766 3101 2903 3149 non
2939 3083 3223 3149 tentavit

971 3195 1406 3261 Valkelinus.

1058 3308 1132 3374 3³
1174 3308 1279 3374 De
1316 3305 1923 3396 traqicocotnoedia.
1968 3346 2049 3354 —
2088 3308 2798 3392 Tragicocomoediam
2835 3308 3223 3374 definiendo

969 3424 1318 3509 explicare
1362 3424 1529 3491 satis
1561 3425 1769 3490 habet
1806 3424 2240 3504 Valkeli11u8‚
2282 3443 2437 3509 quae
2475 3424 2544 3489 in
2582 3442 2882 3490 scaenam
2923 3427 3221 3492 nostram

972 3540 1368 3628 nuperrime
1403 3539 1684 3614 inducta
1717 3542 1888 3604 erat.
1924 3539 2364 3623 octogesimo
2395 3539 2579 3604 enim
2606 3539 2842 3605 saeculi
2880 3557 3064 3604 anno
3092 3538 3226 3624 pri-

975 3671 1158 3718 mam
1211 3652 1415 3737 hujus
1475 3653 1755 3736 generis
1801 3652 2105 3718 fabulam
2142 3650 2225 3738 (l)
2293 3653 2668 3719 Garnerius
2719 3652 3070 3718 docuerat.
3127 3650 3228 3716 Fit

973 3765 1610 3850 tragicocomoedia,
1645 3765 1867 3850 inquit
1905 3765 2337 3846 ValkelinuS,

1067 3917 1304 3993 Quand
1343 3916 1388 3982 il
1424 3936 1469 4002 y
1503 3936 1545 3982 a
1580 3917 1669 3983 du
1707 3919 2009 3983 meurtre
2049 3921 2116 3984 'et
2144 3919 2348 4003 qu'on
2384 3918 2528 3984 voit
2564 3917 2883 3983 toutefois

1068 4031 1237 4105 Qu’a
1266 4031 1334 4096 la
1359 4031 1452 4096 fin
1482 4036 1639 4098 sont
1672 4037 1959 4098 contens
1985 4032 2085 4098 les
2121 4032 2274 4118 plus
2308 4033 2568 4117 grands
2594 4035 2662 4097 et
2687 4032 2787 4098 les
2816 4031 2958 4099 rois
2990 4031 3100 4118 (2).

984 4198 1223 4264 Brevis
1264 4198 1415 4264 haec
1448 4201 1548 4264 est
1599 4197 1909 4264 definitio
1949 4202 2017 4263 et
2060 4198 2145 4263 ad
2189 4217 2331 4264 rem
2377 4197 2544 4264 satis
2591 4196 3061 4262 accommoda.
3106 4196 3235 4259 Ve-

985 4317 1206 4377 terum
1241 4312 1647 4378 auctoritate
1683 4330 1880 4402 paene
1910 4312 2261 4380 insolitum
2283 4329 2505 4395 genus
2529 4312 2762 4382 tuetur
2788 4307 3229 4374 Valkelinus:

1033 4514 1097 4573 (1)
1124 4517 1463 4560 emmanu.

1036 4593 1098 4651 (2)
1125 4594 1221 4637 Ar·
1236 4606 1306 4650 μ,
1326 4594 1411 4640 lib.
1437 4593 1520 4642 111.
