3561 5729
1359 600 1680 660 -43...

480 747 804 822 Quamvis
861 746 1048 812 enim
1088 745 1161 810 in
1208 763 1424 813 novos
1475 751 1666 827 vates
1724 748 1879 815 ideo
1938 750 2326 833 invehatur,
2389 752 2551 836 quia
2608 772 2653 819 a

389 858 739 926 communi
784 857 1142 924 hominum
1185 860 1752 927 consuetudinem
1803 863 2066 947 poesim
2110 867 2428 943 avocant,
2476 865 2648 932 nihil

388 975 738 1039 Fontanus
764 972 1002 1038 mirari
1056 972 1256 1053 solet,
1308 973 1487 1056 quod
1525 991 1661 1039 non
1696 975 1990 1041 arduum
2024 977 2515 1065 spinosumque
2544 977 2646 1044 vi-

387 1087 654 1154 deatur.
693 1085 972 1152 Nullam
1035 1085 1123 1150 ob
1176 1084 1387 1150 aliam
1422 1104 1701 1154 causam
1753 1089 2020 1174 priores
2072 1093 2265 1157 vates
2321 1092 2643 1175 aestimat,

386 1200 521 1267 nisi
548 1200 730 1285 quod
776 1200 847 1264 in
880 1198 1114 1264 subtili
1147 1198 1644 1284 multiplicique
1675 1203 1824 1267 arte
1855 1204 2109 1269 versati
2140 1207 2336 1289 sunt3
2371 1224 2455 1271 eo
2501 1206 2653 1292 pul·-

390 1316 666 1385 chriora
722 1313 951 1401 poesis
1008 1332 1268 1398 genera
1308 1315 1600 1398 judicat,
1652 1335 1787 1401 quo
1845 1316 2254 1385 difficilioris
2301 1320 2653 1387 molestio-

388 1430 621 1512 risque
665 1444 921 1511 operae.
975 1448 1009 1488 «
1056 1426 1370 1491 D’autant
1405 1430 1561 1493 sont
1607 1428 1761 1512 plus
1808 1429 2029 1494 beaux
2061 1448 2193 1514 que
2238 1430 2323 1496 de
2373 1432 2653 1499 difficile

388 1545 652 1611 facture
685 1565 719 1605 n
758 1540 871 1628 (1).
909 1564 944 1603 «
984 1541 1392 1608 Excellence
1418 1543 1503 1609 de
1543 1562 1702 1609 vers
1730 1546 1799 1610 et
1844 1543 2210 1628 ligatureS,
2239 1548 2655 1614 nombreuse

388 1656 922 1741 multiplicatiori
969 1654 1055 1720 de
1099 1654 1435 1722 cadences
1470 1656 1918 1723 unisonantes
1961 1666 2030 1724 et
2077 1662 2323 1744 argute
2357 1664 2653 1750 rentree,

386 1771 683 1838 refrains
727 1775 796 1837 et
831 1771 1181 1856 reprinses
1233 1788 1402 1836 avec
1448 1770 1518 1836 la
1546 1772 1833 1855 majeste
1864 1771 2050 1839 dela
2083 1773 2291 1840 chose
2338 1773 2652 1854 traictee,

384 1886 853 1970 tesmoignent
902 1870 973 1951 la
1006 1885 1506 1969 magnificence
1540 1889 1609 1951 et
1653 1885 1959 1954 richesse
2001 1887 2088 1953 de
2122 1890 2353 1954 nostre
2394 1888 2653 1973 langue

390 2002 459 2064 et
484 1997 555 2064 la
590 1996 912 2063 noblesse
959 2000 1027 2062 et
1056 1994 1309 2062 felicite
1350 1996 1473 2062 des
1512 1996 1762 2081 esprits
1806 1995 2105 2079 francois
2134 2021 2167 2059 »
2198 1995 2305 2084 (2).
2346 2000 2653 2065 Eandem

387 2114 478 2179 ob
518 2129 799 2179 causam
837 2110 1178 2177 Bellaium
1218 2110 1663 2197 reprehendit
1693 2110 1876 2194 quod
1910 2107 2262 2199 ambiquos
2293 2109 2653 2201 rhythmos

385 2224 738 2291 fastidiose
779 2228 1081 2312 respuat.
1135 2246 1169 2287 «
1222 2226 1320 2289 Tu
1364 2225 1643 2307 rejettes
1685 2224 1753 2290 la
1800 2224 1954 2309 plus
2003 2225 2287 2308 exquise
2338 2228 2523 2292 sorte
2565 2226 2652 2293 de

389 2359 584 2424 ryme
612 2357 744 2424 que
772 2356 948 2405 nous
977 2356 1278 2422 ayonS...
1316 2341 1385 2404 et
1425 2356 1514 2403 en
1548 2356 1712 2423 cecy
1744 2341 1822 2404 tu
1856 2338 2155 2405 blasmes
2188 2338 2654 2405 taisiblement

388 2454 799 2535 Meschinot,
830 2453 1137 2535 Molinet,
1171 2451 1399 2519 Cretin
1431 2455 1500 2517 et
1525 2454 1746 2519 Marot
1766 2474 1801 2516 »
1834 2453 1944 2541 (3).
1985 2455 2201 2519 Immo
2228 2454 2650 2522 recentiores

382 2570 624 2652 poetas
681 2584 819 2632 non
881 2565 1096 2631 semel
1163 2568 1466 2648 accusat,
1526 2565 1708 2650 quod
1772 2566 2009 2651 priora
2081 2566 2311 2651 poesis
2386 2585 2649 2651 genera

384 2685 665 2766 propter
721 2680 1194 2746 difficultatem
1252 2678 1736 2745 abominentur
1794 2694 1808 2746 :
1882 2700 1916 2744 «
1972 2681 2069 2747 La
2124 2679 2458 2747 difficulte
2522 2681 2647 2747 des

393 2794 857 2880 equivocques
890 2793 992 2860 les
1022 2802 1089 2860 te
1124 2793 1288 2859 faict
1320 2794 1570 2877 rejeter
1604 2817 1636 2854 »
1670 2790 1777 2881 (4).

472 2911 821 2975 Fontanus
851 2926 976 2994 pro
1006 2907 1247 2975 ultimo
1270 2926 1469 2993 paene
1499 2909 1679 2975 inter
1702 2909 1831 2975 hos
1861 2910 2099 2994 poetas
2124 2907 2365 2975 haberi
2397 2911 2646 2997 potest,

383 3022 499 3105 qui
547 3021 635 3087 ad
680 3019 986 3107 priorem
1035 3021 1273 3088 saeculi
1312 3023 1578 3109 partem
1630 3021 2033 3107 respiciunt,
2082 3020 2389 3105 nihilque
2433 3021 2650 3088 auda-

383 3136 532 3204 cius
564 3136 826 3204 institui
851 3138 1000 3220 Jam
1030 3136 1243 3203 velint
1282 3152 1297 3204 :
1351 3137 1581 3222 itaque
1615 3137 1919 3222 aliquam
1953 3137 2040 3203 de
2075 3137 2196 3203 illo
2226 3136 2646 3204 mentionem

384 3250 770 3319 faciendam
828 3251 1220 3342 putavimus
1245 3302 1264 3331 ‚
1339 3251 1653 3335 quamvis
1714 3251 1977 3318 nullam
2059 3252 2336 3340 proprie
2405 3254 2642 3318 Artem

384 3366 724 3454 poeticam
766 3366 1143 3451 scripserit.
1198 3364 1385 3431 Nihil
1430 3367 1801 3449 utcumque
1845 3364 2136 3450 profecit
2182 3365 2437 3431 acerba
2493 3366 2642 3447 ejus

383 3498 713 3564 censura;
765 3499 927 3548 mox
970 3481 1155 3546 enim
1189 3480 1589 3546 Ronsardus
1626 3481 1911 3564 eJusque
1945 3479 2146 3546 amici
2185 3478 2644 3564 exspectatio·

380 3612 567 3674 nem,
595 3611 802 3677 quam
827 3593 1067 3661 Bellaii
1094 3589 1430 3680 Defensio
1455 3596 1792 3675 moverat,
1817 3593 2131 3660 certatim
2151 3591 2636 3677 expleverunt;

380 3712 527 3774 tum
559 3726 725 3776 vero
755 3708 965 3774 tantis
999 3707 1128 3792 ipsi
1164 3706 1484 3773 laudibus
1513 3706 1834 3786 floruere,
1873 3710 1947 3773 ut
1980 3705 2373 3791 superiores
2413 3704 2641 3772 cuncti

381 3823 606 3906 poetae
652 3819 760 3885 vel
812 3837 1082 3886 summa
1132 3819 1204 3885 in
1246 3826 1653 3905 perpetuum
1697 3819 2046 3886 oblivione
2086 3837 2170 3886 ac
2216 3816 2518 3899 fastidio,
2568 3819 2644 3883 ut

382 3933 530 4018 ipse
560 3934 933 4013 Fontanus,
971 3930 1548 4016 opprimerentur,
1582 3931 1692 3997 vel
1741 3932 1829 3997 ad
1871 3948 2016 4012 eOS,
2050 3933 2125 3998 ut
2171 3930 2518 4011 Sibiletus,
2556 3928 2643 3995 de

382 4064 519 4130 quo
547 4063 757 4134 supra
799 4045 1057 4111 dictum
1092 4047 1220 4122 est,
1269 4045 1338 4109 et
1369 4042 1806 4125 Pelletarius,
1859 4043 1944 4110 de
1992 4062 2127 4129 quo
2163 4044 2315 4129 jam
2349 4041 2639 4123 dicetur,

379 4178 535 4228 sese
568 4159 794 4226 serius
817 4158 1012 4225 ocius
1044 4158 1530 4244 adjungerent.

433 4423 493 4475 (ι)
522 4423 572 4467 1³.
597 4422 668 4467 99.

437 4498 501 4552 (2)
526 4499 575 4542 P.
601 4498 671 4542 99.

433 4574 498 4626 (³)
524 4575 575 4618 P.
597 4574 690 4619 109.

436 4651 497 4705 (4)
517 4651 637 4695 ma.
657 4650 746 4704 cr..
768 4661 816 4707 p.
834 4650 890 4695 99
909 4651 959 4694 et
984 4651 1078 4696 103.
