3561 5729
1899 624 2216 689 -18-

934 758 1190 840 dudum
1240 773 1585 840 oblivione
1634 792 2004 863 oppressus
2046 777 2173 857 est,
2222 779 2296 844 ut
2338 797 2494 845 eum
2538 780 2760 847 Faber
2804 782 2986 849 inter
3018 784 3187 851 vilia

931 885 1356 971 antiquitatis
1403 888 1873 952 veteramcnta
1919 890 2128 972 ponat
2177 887 2287 974 (l).
2353 890 2560 957 Nulla
2609 896 2838 959 autem
2904 894 2977 960 in
3037 899 3181 962 toto

931 1020 1137 1089 opere
1168 1000 1423 1066 mentio
1474 1001 1549 1064 fit
1597 1000 1679 1064 de
1721 1000 1859 1066 illis
1907 1003 2336 1087 poematibus
2375 1023 2530 1088 quae
2574 1007 2909 1090 proximae
2954 998 3195 1076 aetatis

927 1116 1120 1179 vates
1141 1113 1286 1180 sive
1307 1115 1393 1178 ab
1421 1114 1610 1180 Italis
1644 1113 1789 1179 sive
1820 1133 1863 1179 a
1886 1116 2232 1182 veteribus
2260 1136 2421 1183 mox
2458 1121 2969 1189 mutuabuntur.
3008 1123 3176 1190 Cum

925 1246 1090 1294 vero
1131 1228 1215 1294 de
1254 1228 1549 1313 singulis
1581 1229 1979 1313 generibuS,
2022 1229 2096 1295 in
2132 1232 2504 1315 aequalium
2539 1252 2668 1300 usu
2699 1236 2966 1323 positis,
3004 1238 3176 1304 nihil

925 1340 1111 1417 Artis
1156 1341 1447 1427 poeticae
1482 1345 1722 1408 auctor
1769 1343 2036 1424 doceat,
2088 1345 2267 1427 quod
2306 1363 2446 1411 non
2491 1346 2579 1412 ad
2628 1367 2890 1439 meram
2936 1368 3176 1418 eorum

924 1457 1337 1521 structuram
1387 1459 1454 1523 et
1499 1456 1693 1539 quasi
1745 1456 2266 1525 fabricationem
2317 1460 2677 1548 pertinere«
2709 1462 3052 1546 videatur,
3106 1465 3178 1532 in

912 1569 1170 1655 jeJunis
1231 1569 1368 1636 illis
1433 1569 1946 1637 definitionibus
1997 1572 2405 1639 morandum
2476 1591 2638 1639 non*
2671 1575 3170 1646 existimamus.

920 1687 1262 1766 Ceterum,
1291 1690 1561 1775 tempus
1578 1686 1728 1768 jam
1753 1687 2143 1771 proximum
2169 1689 2297 1770 est,
2327 1707 2460 1773 quo
2481 1689 2634 1756 haec
2659 1692 2892 1758 omnia
2915 1712 3176 1777 genera

920 1800 1136 1867 nostri
1191 1803 1417 1885 poetae
1463 1800 1943 1889 repudiabunt.
1998 1803 2232 1885 Itaque
2286 1801 2457 1868 illud
2510 1805 2983 1873 tantummodo
3027 1808 3177 1873 ani-

917 1914 1454 1989 madvertemus,
1529 1914 1776 1998 quibus
1838 1913 2096 1981 scilicet
2159 1916 2472 1999 angustis
2532 1916 2863 1985 limitibus
2919 1920 3175 2004 gallica

916 2026 1172 2115 poesis,
1232 2027 1507 2112 qualem
1566 2027 1788 2094 Faber
1840 2026 2135 2110 effingit,
2192 2027 2795 2096 circumscribatur
2860 2046 2873 2096 :
2934 2035 3010 2099 ut
3061 2051 3168 2115 ea,

914 2142 1226 2228 pristinae
1273 2141 1521 2228 gloriae
1554 2140 1941 2223 immemor,
1993 2141 2458 2225 grandissima
2501 2143 2859 2209 vetustatis
2912 2164 3175 2228 genera

912 2255 1185 2323 silentio
1235 2274 1567 2345 oppressa
1594 2257 1832 2339 jacere
1881 2255 2066 2337 sinit,
2110 2255 2409 2321 ita-nihil
2445 2256 2605 2322 novi
2643 2257 3172 2344 circumspicere

910 2371 1208 2454 videtur,
1246 2372 1429 2456 quod
1463 2371 1909 2456 languentem
1948 2372 2305 2455 poetarum
2351 2390 2597 2438 venam
2631 2371 2920 2440 reficiat.
2975 2373 3171 2439 Inani

911 2487 1097 2553 circa
1129 2504 1334 2553 voces
1375 2504 1716 2569 sonosque
1765 2484 1992 2553 studio
2028 2485 2348 2567 senescit,
2401 2488 2771 2569 vatumque
2807 2486 3167 2571 ingenium

911 2600 1118 2667 certis
1168 2618 1249 2666 ac
1303 2599 1703 2686 praestitutis
1746 2598 1856 2664 vel
1903 2594 2203 2664 rondelli
2244 2597 2354 2663 vel
2401 2595 2655 2666 baladoe
2705 2599 3020 2667 terminis
3064 2600 3170 2665 in-

910 2713 1146 2780 cludit.

998 2829 1165 2905 Quae
1204 2845 1360 2895 cum
1393 2826 1490 2894 ita
1531 2826 1691 2909 sint,
1728 2844 1869 2893 non
1911 2826 2094 2892 certe
2129 2824 2657 2893 admirationem
2705 2825 2873 2894 illud
2906 2826 3167 2894 habere

909 2947 1156 3031 potest,
1243 2943 1425 3028 quod
1504 2944 1724 3009 Faber
1799 2942 2175 3008 maximam
2258 2941 2443 3007 Artis
2526 2941 2816 3026 poeticae
2900 2944 3166 3027 partem

906 3056 1254 3149 rhythmis
1290 3059 1645 3144 impendit.
1697 3060 1790 3123 De
1833 3056 2126 3123 diversis
2167 3056 2476 3141 ipsorum
2520 3053 3000 3143 rhythmomm
3041 3076 3167 3141 ge-

906 3173 1190 3239 neribus
1225 3171 1523 3257 primum
1547 3170 1820 3254 quaerit,
1854 3168 2102 3235 deinde
2127 3168 2212 3234 de
2239 3167 2451 3235 variis
2475 3165 2954 3255 rhythmorum
2986 3168 3166 3235 inter

908 3303 983 3354 se
1018 3285 1592 3372 implicandorum
1628 3283 2031 3350 rationibus.

996 3401 1051 3466 Ii
1102 3397 1438 3488 rhythmi,
1499 3399 1612 3484 qui
1673 3397 1930 3465 leonini
1985 3398 2328 3478 dicuntur,
2386 3397 2689 3463 omnium
2750 3397 3160 3465 nobilissimi

906 3519 1092 3598 sunt,
1131 3515 1376 3582 eodem
1411 3533 1622 3602 prope
1660 3516 1885 3599 pacm,
1923 3530 2058 3596 quo
2094 3514 2496 3578 cunctorum
2530 3512 2933 3579 animalium
2967 3513 3162 3580 nobi-

906 3629 1246 3696 lissimum
1269 3629 1563 3695 habetur
1587 3627 1719 3693 lec.
1760 3626 1865 3691 Fit
1893 3622 2254 3710 amb-dyvous
2286 3622 2653 3712 rhythmus
2689 3644 2843 3693 cum
2879 3626 3015 3692 duo
3051 3625 3162 3692 vel

907 3744 1140 3833 plures
1170 3760 1413 3809 versus
1443 3745 1826 3807 extremum
1859 3741 2168 3822 verbum,
2208 3757 2330 3805 seu
2356 3739 2672 3821 duarum,
2711 3758 2834 3806 seu
2859 3739 3161 3828 plurium

909 3857 1117 3923 etiam
1153 3855 1601 3940 syllabarum,
1646 3871 2007 3920 commune
2037 3853 2216 3918 inter
2253 3871 2328 3919 se
2362 3852 2640 3933 habent,
2679 3852 2860 3937 quod
2886 3852 3164 3937 quidem

909 3969 981 4034 in
1015 3968 1326 4034 diversos
1356 3984 1599 4032 sensus
1639 3964 2022 4030 admittitur
2043 3961 2150 4049 (2).
2200 3962 2355 4030 Alio
2398 3963 2601 4029 modo
2645 3962 2940 4029 efficitur
2982 3965 3162 4047 ejus-

908 4083 1092 4149 modi
1124 4078 1516 4170 rhythmus,
1541 4098 1695 4146 cum
1728 4081 2040 4144 extrema
2069 4097 2228 4160 VOX,
2262 4096 2417 4162 quae
2440 4095 2580 4143 una
2606 4079 2872 4143 tantum
2893 4077 3161 4161 syllaba

903 4197 1195 4286 constat,
1230 4196 1497 4261 duobus
1527 4197 1644 4260 aut
1681 4193 1990 4278 pluribus
2025 4193 2234 4259 etiam
2269 4192 2584 4258 versibus
2609 4192 2995 4258 communis
3028 4194 3156 4273 est,

904 4311 1025 4380 sed
1069 4311 1140 4377 in
1190 4310 1541 4376 diversum
1585 4325 1865 4375 sensum
1920 4311 2203 4394 accepta
2234 4306 2350 4394 (3).
2402 4309 2520 4373 Est
2566 4305 2780 4387 aliud,
2833 4305 3162 4372 humilius

955 4526 1015 4582 (1)
1032 4542 1057 4566 α
1081 4524 1296 4581 Antiqua
1316 4523 1532 4568 muniere
1552 4523 1613 4567 de
1633 4522 1855 4576 tuimet,
1873 4537 1897 4562 n
1918 4523 1973 4565 ut
1997 4522 2066 4566 nit
2089 4521 2199 4578 ipse
2221 4519 2394 4566 Faber.

954 4603 1017 4652 (2)
1034 4604 1170 4645 Lim-0
1188 4600 1378 4656 (verim),
1401 4602 1517 4644 livre
1534 4599 1752 4654 (subet.)-

959 4682 1016 4734 (3)
1035 4682 1166 4734 Sena,
1193 4686 1335 4724 amita.
