3561 5729
1956 681 2274 743 -46-

985 840 1261 909 semper
1293 840 1493 891 usum
1527 841 1681 891 esse
1710 825 2144 891 Ronsardum
2175 826 2465 907 constat,
2498 825 2720 915 poetis
2751 827 3083 894 ornandae
3112 825 3244 892 lin·

986 955 1149 1021 guae
1185 937 1453 1023 cupidis
1477 938 1776 1027 primum
1812 940 2248 1006 commendat
2279 955 2294 1006 :
2334 941 2590 1024 «Quae,
2623 952 2698 1007 ut
2725 943 2848 1022 ai’t,
2879 942 2950 1007 in
2980 941 3247 1008 honore

985 1053 1213 1131 erunt,
1251 1051 1338 1132 si,
1377 1069 1583 1136 parce
1618 1052 1910 1135 detorta,
1949 1071 1994 1119 a
2027 1053 2407 1120 domestico
2445 1072 2571 1121 usu
2605 1073 2746 1121 non
2773 1056 3176 1122 abhorrent.
3208 1076 3242 1118 n

993 1185 1029 1227 «
1062 1164 1421 1248 Equidem,
1459 1165 1676 1248 addit,
1713 1168 1930 1233 verba
1976 1185 2233 1252 ponere
2266 1185 2407 1233 non
2452 1167 2779 1235 dubitabo
2824 1167 3058 1253 qualia
3092 1169 3249 1235 sunt

988 1275 1389 1365 reqozicozas,
1424 1277 1562 1345 imo
1593 1278 1802 1346 etiam
1839 1277 2133 1368 repulse,
2171 1280 2487 1364 quamvis
2520 1281 2591 1346 in
2626 1281 2972 1348 communi
3009 1283 3248 1348 nostra

987 1390 1488 1457 consuetudine
1548 1392 1961 1459 vocabulum
2031 1410 2349 1481 repousse
2408 1395 2831 1479 jampridem
2890 1407 3240 1479 versetur3

989 1521 1205 1570 unum
1246 1521 1416 1570 vero
1454 1504 1542 1569 ad
1586 1504 1958 1589 poeticum,·
2007 1505 2302 1572 alterum
2337 1506 2423 1572 ad
2471 1507 2850 1574 oratorium
2899 1506 3244 1574 scribendi

989 1633 1192 1684 usum
1245 1616 1636 1702 pertinebit.
1671 1638 1704 1681 »
1762 1618 1931 1685 Inde
1974 1622 2263 1704 apparet
2299 1618 2480 1686 hanc
2519 1621 2863 1687 Ronsardi
2905 1621 3244 1687 rationem

990 1728 1125 1796 sibi
1158 1729 1606 1796 Pelletarium
1640 1730 2043 1812 adscivisse,
2073 1750 2208 1815 qua
2240 1732 2563 1814 nobilior,
2593 1733 2877 1817 gravior
2906 1751 2987 1799 ac
3021 1730 3245 1816 magis

990 1859 1036 1908 a
1060 1840 1337 1925 vulgari
1373 1842 1868 1910 consuetudine
1906 1847 2212 1910 remotus
2252 1847 2613 1930 poetarum
2648 1863 2854 1929 quam
2894 1847 3244 1912 oratorum

991 1973 1221 2023 sermo
1258 1958 1664 2042 fingeretur.
1705 1960 1931 2025 Voces
1972 1977 2057 2025 ex
2091 1958 2405 2044 pluribus
2438 1960 2793 2026 vocabulis
2831 1959 3246 2045 compositas

988 2073 1260 2158 probat,
1309 2091 1481 2156 quas
1523 2074 1611 2139 ad
1654 2074 1936 2140 Homeri
1979 2073 2335 2163 exemplar
2379 2073 2680 2141 Pleiadis
2724 2076 2918 2141 vates
2967 2092 3247 2141 creave-

987 2188 1169 2268 rant,
1205 2188 1282 2253 ut
1314 2188 1540 2271 majus
1573 2187 1895 2273 epithetis
1930 2187 2198 2273 pondus
2231 2186 2632 2272 adjicerent.
2671 2189 2989 2255 Testatur
3020 2189 3247 2272 adjec-

987 2296 1134 2363 tiva
1159 2299 1443 2365 nomina
1475 2300 2061 2366 substantivorum
2096 2317 2287 2365 more
2318 2300 2468 2383 Jam
2496 2318 2539 2365 a
2565 2299 2789 2389 poetis
2825 2302 3014 2366 recte
3049 2317 3248 2366 usur-

988 2411 1140 2497 pari
1196 2410 1322 2498 (1),
1376 2413 1489 2479 vel
1544 2412 2031 2479 adverbiorum
2089 2413 2397 2499 partibus
2455 2413 2820 2498 officioque
2873 2413 3067 2480 indui
3136 2412 3240 2500 (2).

990 2524 1219 2591 Flacci
1266 2526 1674 2592 auctoritate
1714 2526 1933 2608 nisuS,
1975 2526 2203 2616 prisca
2245 2526 2482 2608 verba,
2519 2546 2675 2611 quae
2710 2527 2883 2594 situs
2927 2527 3245 2595 informis

989 2639 1399 2724 desertaque
1428 2643 1735 2707 vetustas
1754 2644 2098 2729 premunt,
2133 2641 2204 2706 in
2229 2660 2661 2708 communem
2690 2641 3017 2726 loquendi
3046 2661 3245 2708 usum

988 2770 1322 2819 revocare
1357 2754 1559 2837 ¹jubet
1590 2757 1855 2843 poetaS,
1901 2754 2080 2821 inter
2117 2775 2273 2840 quae
2321 2774 2536 2823 unum
2577 2755 2812 2837 refert,
2847 2756 3031 2840 quod
3067 2775 3251 2823 nunc

989 2868 1199 2935 etiam
1251 2868 1555 2936 Gallicus
1607 2888 1835 2935 sermo
1878 2873 2166 2955 usurpat
2213 2869 2319 2957 (3).
2377 2873 2548 2937 Item
2600 2871 2685 2937 de
2732 2871 3047 2954 vocibuS,
3096 2889 3251 2956 quae

987 2980 1204 3046 variis
1233 2980 1395 3046 olim
1419 2979 1665 3047 Galliae
1691 2981 2005 3047 dialectis
2030 2981 2354 3067 propriae,
2372 2982 2797 3067 jampridem
2818 3001 2904 3048 ex
2936 2981 3251 3065 legitimo

989 3094 1265 3161 dicendi
1302 3113 1495 3161 more
1525 3095 1928 3162 exciderant
1965 3111 1980 3162 :
2035 3097 2340 3174 «Immo,
2376 3096 2622 3181 inquit,
2661 3116 2748 3163 ne
2783 3095 3252 3162 Provincialia

990 3206 1271 3292 quidem
1311 3210 1432 3274 aut
1465 3209 1850 3275 Vasconica
1883 3210 2097 3276 verba
2125 3209 2476 3275 reicienda
2511 3213 2693 3292 sunt,
2733 3227 2889 3294 quae
2924 3207 3249 3295 praesenti

990 3323 1157 3387 nota
1198 3320 1660 3407 signabimus;
1707 3323 1940 3388 omnia
1985 3323 2168 3389 enim
2202 3342 2364 3389 vere
2409 3323 2666 3406 gallica
2693 3325 2854 3389 sunt
2882 3321 3245 3400 vocabula,

993 3452 1153 3520 quae
1189 3435 1467 3520 quidem
1507 3436 1687 3502 intra
1734 3437 1937 3520 regni
1980 3438 2152 3503 fines
2203 3436 2617 3502 adhibentur
2646 3460 2679 3497 »
2733 3435 2844 3523 (4).
2898 3436 3249 3502 Francicae

989 3546 1255 3630 linguae
1302 3565 1538 3629 usum,
1584 3548 1766 3631 quod
1813 3531 1901 3613 ad
1942 3550 2312 3614 verborum
2363 3549 2849 3615 struendorum
2905 3550 3248 3615 rationem

991 3663 1295 3746 spectat,
1374 3662 1775 3728 Ronsardus
1849 3661 1938 3727 ad
1999 3662 2219 3728 Latini
2301 3662 2642 3728 sermonis
2722 3662 3248 3729 similitudinem

990 3791 1322 3840 revocare
1355 3776 1765 3857 tentaverat,
1800 3793 2009 3859 quam
2053 3795 2093 3840 a
2133 3774 2369 3859 quinto
2412 3774 2680 3841 decimo
2716 3773 2977 3842 saeculo
3026 3775 3249 3858 magis

992 3886 1200 3967 atque
1243 3885 1471 3968 magis
1514 3885 1965 3953 deseruerant
2007 3886 2222 3952 nostri
2267 3886 2685 3972 scriptores:
2725 3887 3140 3954 Pelletarius
3186 3889 3252 3952 et

992 4001 1144 4087 ipse
1175 4000 1487 4085 queritur
1515 4001 1695 4085 quod
1724 4001 1917 4068 nulla
1953 4019 2203 4068 vocum
2230 4001 2663 4069 collocationi
2697 4001 2983 4068 libertas
3012 4001 3252 4068 relicta

994 4116 1132 4199 est3
1175 4114 1399 4180 «huic
1433 4114 1624 4197 vitio,
1663 4115 1909 4198 inquit,
1947 4115 2064 4181 ille
2099 4114 2214 4199 qui
2251 4114 2510 4181 mederi
2559 4117 2951 4197 conaretur,
2995 4116 3248 4201 optime

994 4227 1082 4293 de
1121 4226 1517 4294 domesticis
1568 4228 1817 4294 litteris
1860 4232 2287 4316 promereret
2318 4249 2380 4294 2).
2432 4228 2680 4295 Omnia
2708 4228 3009 4313 denique
3042 4246 3244 4309 nova,

1047 4474 1111 4528 (1)
1137 4491 1163 4514 «ι
1178 4475 1246 4518 Le
1264 4474 1384 4518 verd
1403 4489 1428 4512 ι»
1447 4485 1533 4529 pro
1554 4491 1579 4514 α
1597 4475 1644 4519 la
1664 4475 1876 4519 vex-dure
1892 4490 1933 4529 n,
1956 4477 2052 4520 etc.

1049 4551 1112 4604 (2)
1139 4568 1164 4590 «ι
1181 4550 1220 4595 11
1240 4552 1437 4595 marche
1462 4551 1756 4608 magumque
1772 4568 1814 4596 ι».

1048 4628 1111 4681 (3)
1139 4644 1165 4668 α
1181 4628 1431 4681 Ηόὴθτεει·
1444 4644 1486 4673 n.

1049 4703 1113 4760 (4)
1138 4722 1164 4744 α
1180 4706 1308 4750 Tout
1328 4708 1406 4750 est
1428 4707 1657 4763 francois,
1679 4706 1940 4763 puisqu’ils
1961 4709 2076 4751 sont
2093 4706 2158 4750 du
2178 4707 2285 4763 pais
2306 4706 2369 4750 du
2391 4707 2460 4751 roi
2478 4722 2521 4752 a.
