3561 5729
1645 937 2087 1003 QUINTUM
2133 935 2443 999 CAPUT

1095 1137 1546 1187 vALKELmus
1594 1138 1680 1186 m·
1725 1136 2022 1186 BOLAEUS
2068 1137 2289 1186 m‘rsn
2334 1136 2415 1185 sn
2462 1136 2995 1186 consumimus

913 1329 1048 1376 Nihil
1067 1328 1262 1372 Bolaeus
1283 1339 1311 1371 a
1330 1326 1596 1372 valkelino
1621 1328 1878 1370 mutuatus
1901 1326 2008 1369 est:
2036 1324 2098 1370 ab
2127 1324 2215 1368 illo
2242 1323 2514 1381 superioris
2542 1323 2676 1369 vatis
2707 1324 2956 1381 poeticam
2985 1336 3050 1371 ne
3077 1326 3178 1371 lec-

967 1398 1069 1440 tam
1088 1405 1203 1439 esse
1228 1393 1427 1449 quidem
1452 1404 1539 1451 pro
1560 1395 1695 1437 certo
1729 1392 1903 1438 haberi
1935 1394 2117 1449 potest.
2149 1414 2203 1424 —
2231 1392 2500 1447 Utriusque
2532 1392 2668 1435 Artis
2694 1394 3013 1437 conseruntur
3039 1394 3176 1449 ordo,

967 1464 1137 1513 torma,
1170 1460 1463 1515 disciplina:
1499 1460 1649 1504 Bolaei
1683 1459 1899 1514 partitio,
1935 1459 2164 1513 quamvis
2192 1468 2290 1500 non
2322 1458 2449 1501 satis
2479 1458 2666 1511 justam
2698 1457 2982 1502 intimarum
3015 1469 3179 1504 rerum

967 1529 1207 1574 rationem
1229 1526 1390 1582 ducat,
1412 1538 1551 1581 vagae
1576 1528 1626 1570 et
1643 1525 1987 1582 incompositas
2001 1524 2250 1569 valkelini
2273 1523 2486 1568 licentiae
2504 1523 2648 1577 longe
2667 1524 3011 1579 anteponenda
3030 1527 3181 1569 est.—

969 1594 1110 1638 Illius
1127 1604 1318 1649 poema,
1342 1592 1495 1636 multo
1523 1592 1722 1645 gravius
1743 1602 1802 1635 ac
1822 1591 2064 1646 pressius,
2084 1589 2205 1633 nihil
2227 1590 2494 1634 laxamenti
2518 1589 2710 1633 severis
2730 1590 2963 1635 didactici
2985 1592 3181 1644 generis

967 1660 1162 1715 legibus
1181 1659 1444 1708 concedit:
1475 1659 1527 1703 in
1549 1657 1801 1703 Valkelini
1830 1660 1996 1701 autem
2017 1667 2166 1712 opere
2201 1657 2389 1701 nitidus
2419 1656 2618 1711 quidam
2651 1656 2787 1701 color
2825 1657 3181 1713 familiarisque

968 1725 1170 1770 licentia
1189 1724 1379 1769 laudari
1399 1726 1626 1780 possunt,
1648 1722 1877 1778 quamvis
1894 1722 1979 1766 ille
1997 1733 2096 1764 non
2117 1722 2241 1765 satis
2260 1732 2413 1766 sanus
2430 1732 2560 1773 esse,
2577 1722 2683 1765 haec
2699 1733 2817 1764 vero
2834 1721 2958 1766 ultra
2978 1723 3178 1767 modum

969 1792 1201 1836 lascivire
1224 1791 1399 1834 soleat.
1416 1790 1553 1834 —De
1574 1800 1766 1833 summa
1788 1789 1958 1845 poesis
1975 1787 2240 1843 disciplina
2261 1800 2360 1831 non
2381 1788 2589 1831 multum
2609 1790 2768 1843 poetae
2796 1792 2965 1832 nostro
2983 1788 3179 1832 Boloeus

971 1858 1168 1914 adjecit,
1186 1858 1283 1902 nisi
1300 1857 1431 1913 quia,
1449 1856 1757 1911 singulorum
1771 1859 2055 1913 poematum
2073 1857 2209 1910 leges
2229 1857 2413 1899 certius
2430 1856 2818 1916 expressiusque
2835 1856 3176 1911 describendo,

968 1928 1137 1969 vatum
1175 1924 1427 1978 ingenium
1458 1923 1830 1977 angustioribus
1878 1923 2143 1978 aliquando
2188 1922 2367 1979 spatiis
2409 1922 2642 1972 inclusit;
2678 1922 2765 1967 illa
2812 1922 2901 1965 ruit
2931 1922 3181 1979 praecipua

970 1993 1122 2038 Bolaei
1158 1993 1327 2047 gloria,
1369 1992 1498 2048 quod
1537 1994 1764 2037 trancicae
1800 1993 1941 2048 poesi
1977 1992 2220 2036 rationem
2252 1994 2413 2047 ipsam
2447 2002 2533 2047 pro
2555 1990 2841 2035 firmissimo
2861 1991 3179 2035 fundamento

971 2057 1250 2115 supposuit.
1287 2079 1341 2089 —
1370 2058 1532 2102 Pauca
1561 2058 1622 2101 de
1643 2057 1899 2112 utriusque
1920 2057 2052 2101 vatis
2089 2067 2317 2101 sermone
2341 2068 2399 2101 ac
2419 2067 2654 2100 versuum
2676 2057 3046 2112 pangendorum
3074 2058 3180 2101 arte

969 2124 1301 2168 disseruntur.
1331 2146 1386 2155 —
1413 2124 1486 2167 Ne
1519 2123 1642 2167 illud
1673 2123 1871 2179 quidem
1893 2123 2305 2177 obliviscendum,
2327 2122 2512 2167 nullam
2531 2133 2671 2176 paene
2700 2124 3042 2167 auctoritatem
3062 2122 3183 2167 Val-

969 2188 1122 2233 kelini
1145 2188 1353 2244 poeticae
1372 2188 1529 2234 fuisse
1549 2202 1559 2231 :
1582 2188 1734 2232 Bolaei
1753 2199 1873 2232 vero
1899 2191 1995 2233 Ars
2021 2199 2252 2244 supreme
2272 2188 2415 2243 quasi
2444 2187 2615 2243 poesis
2635 2198 2821 2242 norma,
2849 2189 2905 2232 ut
2931 2188 3062 2232 edita
3081 2189 3177 2242 est,

969 2256 1030 2301 ab
1065 2255 1295 2301 omnibus
1320 2256 1485 2313 poetis
1519 2256 1807 2312 criticisque
1833 2256 2055 2311 iudicata
2092 2257 2207 2312 mit,
2242 2259 2296 2301 et
2327 2266 2458 2300 nunc
2497 2255 2646 2300 etiam
2681 2266 2874 2300 summo
2907 2256 2960 2299 in
2992 2256 3179 2300 honore

971 2322 1196 2368 habetur.

916 2388 1219 2436 Valkelinus
1248 2389 1420 2433 soeculi
1439 2389 1518 2434 sui
1538 2388 1800 2434 lasciviam
1828 2399 1886 2433 ac
1914 2389 2178 2433 tumultum
2201 2399 2300 2445 prae
2330 2399 2385 2432 se
2412 2389 2532 2438 rert;
2568 2387 2658 2431 sed
2687 2387 2738 2430 in
2767 2387 2987 2432 omnium
3014 2398 3177 2432 rerum

969 2454 1238 2498 certamine
1260 2465 1318 2498 ac
1338 2454 1678 2500 controversia
1706 2454 1740 2498 ii
1770 2454 1875 2508 jam
1902 2455 2090 2499 tructus
2112 2455 2214 2499 nati
2245 2457 2376 2509 sunt,
2410 2464 2540 2509 quos
2572 2452 2809 2497 felicioris
2837 2453 2998 2498 aetatis
3017 2455 3177 2509 poetae

967 2520 1089 2566 olim
1109 2520 1391 2576 decerpant.

1008 2696 1386 2763 Continuus
1420 2700 1526 2763 est
1557 2716 1599 2763 a
1628 2698 1989 2765 Ronsardo
2014 2699 2102 2764 ad
2138 2698 2591 2780 Malherbam‚
2623 2715 2667 2764 a
2700 2697 3058 2764 Malherba
3085 2698 3175 2763 ad

919 2806 1229 2874 Bolaeum
1277 2805 1552 2891 gallicae
1596 2808 1827 2894 poesis
1876 2811 2097 2875 tenor.
2147 2809 2327 2876 Vere
2374 2807 2507 2876 dici
2552 2809 2776 2898 potest
2824 2807 3175 2875 Valkelini

918 2921 1336 3006 Arteipsius
1371 2922 1584 2988 Bolaei
1620 2925 1859 2989 Artem
1894 2923 2090 3007 quasi
2120 2921 2565 3008 anticipatam
2589 2941 2765 2988 esse.
2805 2923 3021 2988 Immo
3050 2921 3177 2987 cri-

915 3030 1034 3097 tici
1089 3032 1369 3117 quidam
1426 3033 1923 3099 contenderunt
1976 3034 2275 3122 plurima
2337 3013 2647 3100 Bolaeum
2704 3051 2746 3098 a
2804 3031 3177 3099 Valkelino

917 3150 1303 3214 mutuatum
1347 3147 1584 3230 fuisse,
1632 3167 1927 3232 eumque
1968 3151 2493 3230 accusaverunt,
2528 3148 2709 3232 quod
2748 3148 3010 3215 nullam
3057 3165 3176 3213 su-

916 3259 1211 3345 perioris
1239 3265 1464 3346 poetae
1498 3260 1917 3327 mentionem
1947 3261 2128 3327 fecit.
2169 3261 2449 3328 Nullum
2481 3280 2648 3327 vero
2683 3264 3173 3346 argumentum

914 3374 1234 3455 afferunt,
1286 3373 1467 3439 unde
1510 3374 1785 3440 Bolaeus
1828 3376 1915 3440 ab
1964 3375 2094 3441 hoc
2141 3374 2401 3459 aliquid
2452 3374 2763 3441 hausisse
2810 3373 3175 3439 manifeste

917 3492 1281 3575 appareat;
1321 3487 1614 3553 duorum
1645 3487 1831 3554 enim
1871 3489 1979 3554 vel
2028 3489 2236 3555 trium
2268 3507 2592 3555 versuum
2624 3488 2948 3573 cognatio
2982 3505 3178 3572 quae-

917 3599 1076 3665 dam
1128 3619 1268 3667 non
1317 3603 1577 3667 tantam
1639 3601 1779 3666 vim
1845 3602 2103 3668 habere
2155 3605 2402 3687 potest,
2464 3605 2539 3668 ut
2596 3600 2870 3687 septimi
2923 3599 3176 3666 decimi

919 3714 1160 3780 saeculi
1194 3718 1396 3799 poeta
1427 3717 1495 3781 et
1522 3715 1684 3782 furti
1723 3720 1793 3781 et
1819 3716 2075 3800 ingrati
2109 3716 2323 3783 animi
2349 3715 2609 3782 crimen
2630 3716 2876 3782 merito
2901 3717 3169 3783 subeat.

920 3828 1014 3893 De
1050 3828 1360 3912 Vergilio
1390 3829 1523 3895 hoc
1559 3829 1965 3896 Valkelinus
1999 3830 2369 3916 scripserat
2407 3847 2423 3897 :

1050 3989 1185 4056 Nul
1218 4007 1308 4056 ne
1342 3992 1507 4075 peut
1534 4007 1622 4056 en
1653 4008 1734 4057 sa
1758 3991 2016 4076 langue
2045 3992 2385 4059 atteindre
2417 3994 2460 4058 a
2491 4011 2573 4060 sa
2597 3993 2895 4059 hauteur
2922 3993 3030 4079 (l).

918 4150 1194 4218 Bolaeus
1227 4169 1393 4219 vero
1427 4150 1632 4241 primi
1666 4152 1825 4219 libri
1856 4151 2051 4218 initio
2091 4169 2106 4219 ε

1198 4352 1212 4366 .
1463 4352 1477 4366 .
1983 4303 2088 4367 Un
2120 4299 2486 4369 temeraire
2516 4307 2761 4369 auteur

1185 4415 1404 4481 Pense
1439 4415 1524 4480 de
1557 4415 1713 4481 l'art
1742 4415 1866 4481 des
1895 4434 2054 4482 vers
2080 4416 2421 4483 atteindre
2453 4417 2524 4482 la
2553 4417 2875 4483 hauteur.

971 4630 1034 4684 (1)
1061 4630 1169 4677 Lib.
1194 4632 1231 4676 1.
