3561 5729
1284 646 1644 705 —131—

301 787 570 852 sedato
619 785 853 852 animo
900 786 1376 852 baccharetur.
1430 786 1598 861 Quae
1641 789 1876 852 autem
1916 788 2000 854 de
2045 789 2243 877 epico
2277 794 2594 875 poemate

306 901 568 984 tradit,
606 900 1068 967 ornatissimis
1110 903 1295 967 certe
1345 905 1550 985 atque
1586 901 2018 986 politissimis
2051 904 2371 971 versibus
2402 924 2596 971 man-

310 1016 495 1081 data
529 1018 713 1097 sunt,
751 1014 873 1081 sed
899 1033 1087 1080 verae
1110 999 1460 1098 justaeque
1495 1014 1700 1099 hujus
1744 1017 2027 1100 generis
2060 1022 2329 1085 naturae
2367 1018 2596 1085 minus

311 1134 752 1215 congruunt,
803 1147 1009 1214 quam
1043 1127 1396 1194 Valkelini
1446 1127 1798 1214 incompta
1849 1149 2167 1215 vagaque
2219 1132 2304 1198 de
2352 1134 2596 1199 eodem

313 1244 646 1311 carmina
681 1241 792 1329 (1).
819 1244 970 1308 Non
1002 1260 1201 1308 secus
1221 1242 1291 1307 in
1327 1242 1524 1327 epico
1559 1242 1865 1309 carmine
1891 1248 2096 1328 atque
2128 1244 2199 1310 in
2221 1246 2595 1329 tragoedia,

313 1361 419 1426 de
451 1358 851 1425 domesticis
870 1357 1262 1424 fabularum
1296 1357 1751 1441 argumentis,
1782 1357 1869 1423 ad
1892 1377 2050 1443 quae
2077 1362 2316 1445 poetas
2342 1361 2602 1428 Valke-

313 1476 520 1541 linus
547 1475 945 1555 vocaverat,
982 1472 1273 1553 nullam,
1305 1491 1393 1538 ne
1421 1490 1561 1538 uno
1593 1472 1874 1557 quidem
1909 1474 2149 1557 verb0,
2176 1475 2599 1542 mentionem

315 1589 526 1668 facit,
560 1587 735 1652 adeo
772 1588 1083 1679 veterum
1132 1585 1357 1652 fautor
1399 1588 1505 1651 est
1546 1603 1628 1651 ac
1672 1587 1939 1652 Graecae
1978 1587 2378 1672 Latinaeque
2423 1588 2601 1654 anti-

319 1702 581 1788 quitati
612 1703 880 1767 tantum
914 1700 1260 1766 addictus!
1311 1700 1504 1775 Quod
1543 1700 1828 1767 heroico
1864 1720 2073 1786 opere
2131 1702 2463 1787 quidquid
2513 1704 2599 1768 ad

323 1816 792 1884 christianam
848 1815 1262 1899 religionem
1323 1816 1568 1882 attinet
1628 1817 1936 1883 funditus
1995 1818 2324 1901 excludit,
2395 1818 2602 1886 nimis

322 1932 548 1998 anxia
594 1930 936 2015 religione
987 1930 1433 2015 sollicitatur3
1480 1932 1661 2015 quod
1703 1949 1829 2020 pro
1865 1933 2075 1999 meris
2110 1934 2339 2021 poesis
2397 1953 2604 2000 orna-

325 2046 591 2114 mentis
621 2045 846 2132 patria
879 2044 1163 2110 numina
1201 2044 1462 2110 Graecis
1504 2043 1901 2129 Latinisque
1957 2048 2390 2130 poematibus
2429 2049 2604 2115 inte-

325 2181 529 2228 resse
576 2163 794 2246 putat,
834 2177 1078 2244 parum
1122 2158 1550 2242 antiquitatis
1597 2159 2013 2244 intellegens
2062 2161 2370 2249 videtur;
2419 2166 2602 2248 quod

327 2274 638 2359 denique
669 2272 977 2357 aequales
1010 2276 1251 2361 poetas
1284 2272 1624 2353 hortatur,
1665 2276 1741 2339 ut
1780 2274 2016 2340 omnia
2044 2294 2227 2360 quae,
2266 2276 2337 2342 in
2368 2296 2603 2344 rerum

329 2392 613 2470 natura,
643 2388 916 2454 sincera
950 2387 1388 2471 ingenuaque
1423 2389 1583 2452 ante
1615 2386 1854 2454 oculos
1890 2389 2373 2472 obversantur,
2412 2410 2605 2458 men-

328 2503 482 2570 titis
517 2503 805 2569 deorum
836 2500 1152 2586 personis
1187 2501 1518 2583 obtegant
1552 2503 1620 2566 et
1657 2500 2074 2585 adulterent,
2115 2503 2403 2587 nullam,
2446 2525 2603 2589 quae

331 2617 429 2686 sit
456 2633 624 2683 vera
658 2633 985 2699 meraque
1014 2614 1270 2699 poesis,
1307 2613 1565 2679 habere
1605 2615 1956 2681 notionem
1989 2617 2285 2684 videtur.

431 2732 556 2797 Illa
597 2731 725 2797 suit
773 2730 1128 2819 praecipua
1174 2727 1409 2794 Bolaei
1454 2727 1606 2794 laus
1655 2731 1837 2814 quod
1875 2731 2148 2815 judicii,
2200 2750 2336 2815 quo
2383 2733 2493 2798 vel
2533 2733 2603 2798 in

337 2847 688 2918 cantilena
741 2834 913 2932 opus
981 2847 1086 2912 est
1128 2842 1235 2932 (2),
1289 2847 1357 2912 et
1417 2846 1732 2931 rationiS,
1780 2867 1869 2914 ex
1913 2866 2049 2931 qua
2104 2847 2253 2914 sola
2309 2848 2603 2916 nitorem

336 2962 778 3049 pretiumque
813 2962 1072 3048 scripta
1116 2966 1349 3047 petere
1394 2964 1542 3028 vult
1576 2961 1688 3047 (3),
1735 2959 2286 3026 amantissimum
2330 2980 2605 3047 semper

336 3096 424 3144 ac
458 3077 1098 3162 pervicacissimum
1133 3097 1286 3145 sese
1316 3078 1660 3165 praestitit.
1703 3076 2118 3142 Valkelinus
2149 3078 2427 3161 quidem
2463 3098 2601 3145 non

339 3191 693 3274 ignoravit
723 3191 871 3275 ipse
906 3191 1072 3275 quid
1115 3192 1291 3258 ratio
1336 3191 1620 3275 flagitet.
1658 3188 1961 3270 Poesim,
2002 3195 2075 3256 ut
2113 3191 2433 3273 Bulaeus,
2476 3212 2601 3278 pro

340 3304 604 3370 caelesti
659 3304 839 3371 dono
899 3305 1108 3373 habet
1155 3305 1264 3392 (4),
1313 3309 1381 3371 et
1435 3304 1671 3370 divino
1741 3303 2042 3386 quodam
2095 3304 2327 3371 surore
2379 3306 2601 3372 afflari

337 3422 582 3508 poetas
615 3420 988 3487 arbitratur
1018 3437 1032 3487 :

492 3682 953 3697 ......
1016 3630 1109 3695 De
1139 3629 1378 3695 fureur
1401 3629 1622 3696 sainte
1653 3631 1875 3720 espris

475 3744 568 3810 Ils
596 3746 868 3811 sentent
898 3743 1254 3809 tellement
1288 3744 1521 3809 elever
1554 3744 1740 3812 leurs
1774 3745 2055 3834 esprits.
2087 3796 2100 3810 .
2131 3798 2142 3809 .
2175 3797 2188 3809 .

479 3859 671 3942 Puis,
710 3858 940 3944 quand
971 3862 1079 3924 cet
1111 3858 1420 3940 eguillon
1455 3859 1610 3948 plus
1647 3878 1733 3926 ne
1767 3860 1871 3927 les
1906 3860 2396 3947 espoinqonne,

477 3971 570 4040 Ils
604 3973 1041 4040 remaschent
1074 3971 1264 4039 leurs
1297 3991 1480 4054 vers,
1516 3973 1670 4040 leur
1707 3977 1902 4043 Muse
1932 3976 2087 4061 plus
2120 3995 2207 4042 ne
2240 3993 2456 4042 sonne
2483 3972 2594 4059 (5).

394 4276 458 4331 (1)
486 4277 660 4330 Egger.
680 4276 771 4332 Op.
792 4277 892 4330 cit..
912 4277 984 4322 22²
1003 4276 1163 4330 locon.

402 4367 458 4419 (21
489 4365 528 4409 11
549 4367 665 4420 faut,
686 4365 846 4409 meme
876 4377 938 4409 en
963 4366 1229 4419 ctxansons,
1251 4365 1316 4409 du
1337 4366 1436 4410 bon
1464 4376 1582 4408 sens
1603 4367 1654 4408 et
1672 4365 1733 4409 de
1760 4365 1867 4408 l‘art
1886 4363 1989 4416 (lib.
2011 4364 2087 4416 11).

396 4457 458 4512 (3)
508 4489 1316 4501 ...........
1379 4461 1482 4512 Que
1504 4459 1577 4501 les
1599 4455 1748 4502 ecrits

507 4524 834 4578 Empruntent
858 4522 1000 4567 d'elle
1021 4524 1159 4567 seule
1177 4524 1243 4577 (la
1264 4523 1446 4574 raison)
1468 4525 1519 4566 et
1536 4523 1642 4567 leur
1660 4523 1816 4566 lustro
1840 4524 1889 4566 et
1910 4523 2014 4566 leur
2034 4523 2144 4578 prix
2163 4523 2269 4576 (lib.
2291 4524 2343 4574 Ι).
2423 4527 2436 4539 ·

404 4612 462 4667 (4)
491 4629 514 4652 α
537 4612 605 4656 La
627 4623 806 4658 source
825 4624 887 4656 en
906 4615 985 4656 est
1002 4614 1140 4656 toute
1160 4610 1346 4656 celeste
1362 4628 1386 4650 υ
1404 4611 1509 4666 (lib.
1532 4611 1586 4664 Ι).

401 4698 463 4754 (5)
492 4697 599 4743 Lib.
621 4698 656 4743 1.
