3561 5729
1906 581 2267 642 ..104—

959 727 1140 812 quod
1182 729 1448 793 tantum
1487 724 1922 812 profecerant
1969 726 2367 793 domesticae
2403 726 2680 811 litterae,
2726 732 2799 795 ut
2839 730 3009 797 nihil
3050 733 3198 815 jam

958 841 1139 926 apud
1195 840 1494 906 vicinam
1548 842 1829 923 gentem
1874 843 2080 922 esset,
2133 841 2314 924 quod
2350 842 2648 907 mutuari
2678 841 2807 931 ipsi
2852 843 3203 910 deberent.

959 955 1176 1019 Immo
1230 972 1381 1019 sese
1437 971 1599 1018 mox
1643 952 1987 1018 hesternis
2036 952 2394 1037 magistris
2436 953 2766 1042 praeferre
2824 955 2972 1021 ausi
3025 959 3205 1022 sunt.

957 1070 1111 1134 Jam
1146 1066 1447 1132 Bellaius
1481 1066 1783 1151 patrium
1817 1084 2207 1133 sermonem
2238 1066 2663 1149 defenderat,
2696 1068 3212 1154 affirm-aratque

959 1200 1143 1263 eum,
1179 1199 1335 1246 cum
1377 1180 1758 1247 illustratus
1804 1181 2070 1263 fuisset,
2124 1182 2381 1248 Italicae
2413 1181 2678 1267 linguae
2708 1202 2844 1250 non
2876 1183 3211 1270 imparem

954 1297 1123 1363 fore.
1185 1295 1522 1361 Henricus
1567 1295 1955 1381 Stephanus
1998 1296 2071 1362 in
2118 1293 2464 1384 Diade-qis,
2508 1298 2671 1363 dum
2726 1298 2957 1365 italica
3002 1300 3216 1365 verba

960 1408 1261 1476 sermoni
1303 1412 1538 1474 nostro
1588 1408 1914 1493 adjuncta
1960 1427 2113 1476 esse
2158 1409 2494 1492 queritur,
2532 1410 2916 1476 vicinorum
2968 1412 3214 1499 opibus

957 1525 1229 1589 nostras
1264 1523 1480 1588 multo
1520 1523 2038 1607 anteponendas
2073 1542 2226 1590 esse
2252 1523 2623 1590 contendit.
2647 1524 2883 1591 Omnis
2917 1525 3212 1609 denique

957 1637 1328 1722 aequalium
1385 1639 1742 1722 poetarum
1797 1642 1993 1717 aetas,
2053 1639 2202 1721 =jam
2275 1637 2458 1703 elata
2526 1640 2958 1725 superbaque
3032 1639 3213 1722 quod

958 1753 1150 1820 nullo
1184 1752 1411 1819 alieno
1446 1750 1771 1836 praesidio
1803 1751 1934 1818 sibi
1966 1751 2292 1840 deinceps
2325 1770 2499 1836 opus
2538 1770 2690 1818 esse
2725 1753 2983 1833 credat,
3026 1753 3214 1819 Italis

959 1866 1327 1935 aemulatur
1352 1870 1421 1931 et
1449 1866 1534 1932 de
1564 1865 1676 1944 iis,
1710 1877 2041 1949 quantum
2081 1866 2230 1932 fieri
2260 1868 2505 1953 potest,
2545 1866 2867 1933 detrahit.

1049 1984 1216 2058 Quae
1251 2001 1407 2049 cum
1461 1981 1556 2047 ita
1589 1981 1749 2061 sint,
1788 2000 1927 2047 non
1958 1981 2346 2047 mirandum
2379 1981 2652 2048 videtur
2682 1984 2864 2066 quod
2904 1983 3214 2050 Valkeli-

959 2116 1115 2179 nuS,
1168 2096 1779 2180 quotienscumque
1830 2096 2102 2162 occasio
2142 2114 2294 2162 sese
2347 2096 2559 2177 dedit,
2597 2097 2926 2163 Italorum
2976 2101 3210 2164 vatum

962 2229 1211 2278 venam
1246 2229 1332 2276 ex
1361 2209 1616 2294 gallico
1647 2210 1835 2276 fonte
1878 2210 2268 2276 manavisse
2313 2211 2578 2276 doceat.
2625 2210 3033 2278 Pelletarius
3067 2212 3217 2296 qui-

962 2325 1118 2391 dem
1146 2325 1292 2407 jam
1322 2326 1612 2390 testatus
1642 2326 1793 2389 erat
1820 2322 2167 2391 Ariostum
2189 2343 2276 2389 ex
2301 2323 2721 2390 nostratibus
2755 2326 3215 2392 monumentis

963 2438 1335 2528 plurimum
1362 2437 1491 2504 sibi
1525 2437 1983 2525 assumpsisse
2016 2435 2140 2524 (1);
2182 2438 2302 2505 sed
2335 2438 2624 2504 strictim
2663 2438 2816 2505 haec
2845 2439 3207 2507 dicuntur:

962 2572 1162 2621 suum
1196 2552 1474 2637 gallicae
1505 2552 1695 2638 poesi
1720 2554 1839 2636 J'us
1873 2572 1915 2618 a
1940 2553 2310 2620 Valkelino
2341 2555 2618 2621 tandem
2646 2555 3034 2622 restitutum
3064 2575 3213 2624 esse

960 2688 1126 2735 vere
1161 2669 1296 2736 dici
1324 2670 1570 2754 potest.
2920 2750 2926 2757 ⁶

1051 2785 1235 2851 Inter
1281 2783 1490 2851 Italos
1528 2791 1793 2870 poetaS,
1830 2783 2144 2869 Aligerio
2188 2787 2500 2875 except0‚
2539 2788 2734 2871 cujus
2790 2787 2976 2854 fama
3026 2790 3215 2854 trans

965 2901 1176 2985 Alpes
1205 2900 1434 2966 minus
1468 2901 1851 2982 enotuerat,
1890 2901 2215 2966 Petrarca
2242 2900 2312 2966 in
2343 2901 2584 2989 primis
2615 2903 2683 2969 et
2715 2901 3030 2970 Ariostus
3066 2905 3219 2970 Tor·

961 3014 1344 3096 quatusque
1374 3011 1649 3091 TassuS,
1686 3006 1977 3076 scaettis*
2023 3008 2165 3091 ille,
2208 3009 2279 3075 hi
2316 3029 2482 3076 vero
2526 3011 2739 3096 epicis
2785 3013 3215 3097 poematibus

965 3123 1269 3189 italicam
1299 3121 1563 3207 poesim
1596 3122 1668 3188 in
1693 3139 2039 3188 summum
2062 3121 2545 3205 perduxerant.
2584 3124 2963 3207 Utrumque
2994 3143 3214 3208 genus

965 3256 1091 3326 pro
1116 3237 1341 3304 Gallia
1357 3236 1794 3319 ValkelinuS,
1829 3236 2138 3320 ejusdem
2166 3236 2514 3303 Fauchetii
2538 3238 2946 3304 auctoritate
2973 3240 3209 3321 fretuS,

964 3371 1106 3420 non
1158 3352 1502 3418 immerito
1547 3350 1874 3417 vindicat.
1950 3352 2027 3416 In
2080 3349 2300 3436 primo
2356 3350 2535 3417 libro
2597 3351 2818 3437 lyrica
2877 3353 3209 3434 carmina,

866 3557 878 3568 ι
957 3465 1226 3533 sonetta
1259 3464 1672 3552 praesertim,
1709 3483 1752 3530 a
1786 3463 2131 3553 prioribus
2164 3465 2417 3531 nostris
2445 3465 2720 3532 vatibus
2751 3466 3032 3532 inventa
3067 3486 3213 3533 esse

965 3583 1167 3650 docet
1205 3598 1220 3649 ε

1054 3732 1185 3796 Des
1215 3731 1427 3795 Grecs
1456 3732 1524 3795 et
1557 3729 1679 3795 des
1715 3728 2047 3794 Romains
2080 3732 2188 3794 cet
2225 3732 2330 3794 art
2360 3727 2733 3794 renouvele

1054 3844 1210 3908 Aux
1237 3840 1565 3923 Franqois
1600 3840 1700 3906 les
1733 3839 2072 3925 premiers
2104 3840 2206 3906 fut
2230 3839 2404 3905 ainsi
2442 3837 2697 3905 revele.

1053 3955 1112 4018 A
1144 3952 1297 4018 leur
1331 3952 1646 4036 exemple
1677 3950 1851 4036 prist
1880 3951 1947 4016 le
1980 3951 2141 4018 bien
2173 3950 2401 4016 disant
2434 3949 2811 4034 Petrarque

1053 4070 1147 4133 De
1176 4067 1362 4133 leurs
1396 4084 1648 4151 graves
1682 4069 1964 4133 sonnets
1992 4064 2377 4130 l’ancienne
2402 4083 2799 4148 remarque.
2828 4115 2843 4130 .
2874 4114 2887 4128 .
2917 4115 2932 4130 .

1054 4183 1226 4249 Mais
1262 4182 1308 4247 il
1338 4181 1620 4248 marcha
1653 4181 1710 4247 si
1747 4181 1908 4247 bien
1936 4197 2063 4265 par
2091 4182 2266 4246 cette
2301 4178 2531 4245 vieille
2556 4189 2745 4245 trace

1054 4299 1229 4372 Qu'il
1262 4317 1432 4363 orna
1467 4297 1529 4363 le
1557 4299 1805 4362 sonnet
1824 4296 1909 4361 de
1942 4313 2021 4361 sa
2053 4295 2395 4384 premiere
2425 4312 2661 4379 grace,

1015 4494 1076 4549 (l)
1210 4494 1410 4536 Comme
1448 4496 1562 4537 sont
1599 4492 1674 4538 les
1711 4495 1979 4537 avantures
2017 4493 2077 4536 de
2120 4491 2420 4545 chevenci-S,
2460 4491 2536 4536 les
2573 4491 2797 4536 combats
2831 4493 2881 4534 et
2919 4490 3218 4537 semblables

964 4560 1487 4682 ggglsgiiedesquelles
1519 4559 1750 4605 l'Ariostc
1786 4573 1814 4606 a
1849 4561 1936 4606 tait
1975 4561 2203 4616 cmprunt
2233 4560 2353 4604 chez
2388 4570 2534 4604 nous·
2566 4561 2679 4615 (Arc
2713 4565 2836 4614 poet,
2871 4560 2931 4604 11.
2975 4560 3049 4605 De
3078 4558 3216 4616 cpico
