3561 5729
1283 620 1647 685 —103—

336 763 771 831 ciennement
802 765 920 830 ont
949 762 1070 829 fait
1105 764 1207 829 les
1236 765 1473 849 poetes
1508 781 1734 848 grecs,
1757 763 2093 829 chantans
2127 761 2229 828 les
2254 762 2592 847 louanges
2637 817 2646 827 .

339 879 456 946 des
484 879 705 945 Dieux
748 881 817 945 et
867 878 990 944 des
1025 879 1236 962 Roys,
1283 897 1550 944 comme
1595 876 1807 944 recite
1852 876 2197 943 Herodote
2247 896 2332 943 en
2379 877 2449 942 la
2482 877 2593 943 vie

338 991 729 1073 d'Homere,
767 990 869 1057 les
903 1009 1179 1057 oeuvres
1223 991 1479 1075 duquel
1530 994 1649 1056 ont
1680 993 1825 1056 este
1879 989 2054 1055 ainsi
2096 991 2421 1064 chantees
2467 1007 2595 1074 par

341 1106 440 1173 les
490 1124 696 1175 cours
748 1109 816 1172 et
874 1107 1177 1173 maisons
1226 1107 1348 1173 des
1410 1106 1774 1191 seigneurs
1820 1105 2014 1191 piece
2061 1104 2104 1169 a
2163 1106 2355 1189 piece
2406 1103 2514 1190 (1).
2558 1126 2593 1165 »

342 1221 669 1297 Quamvis
708 1223 941 1287 tamen
994 1221 1442 1287 Fauchetium
1478 1220 1891 1287 Valkelinus
1925 1219 1995 1285 in
2020 1221 2278 1285 nostrae
2336 1218 2599 1302 linguae

341 1336 709 1422 poesisque
734 1335 1026 1402 historia
1055 1336 1460 1421 plerumque
1501 1334 1707 1401 fuerit
1739 1336 2040 1415 secutus,
2082 1350 2220 1398 non
2255 1332 2317 1397 ei
2353 1333 2596 1416 negari

341 1451 545 1517 debet
583 1468 668 1515 ea
702 1450 878 1532 laus,
912 1451 1093 1534 quod
1129 1450 1201 1515 in
1244 1449 1551 1516 omnium
1600 1447 2003 1537 opinionum
2042 1446 2443 1529 certamine,
2481 1446 2597 1511 ubi

341 1583 585 1631 verum
621 1566 828 1645 esset,
864 1563 1013 1649 ipse
1043 1563 1390 1629 discrevit.
2368 1640 2373 1643 ,

429 1679 840 1746 Domesticae
874 1679 1257 1761 vetustatiS,
1312 1680 1644 1763 quantum
1681 1681 1995 1763 tempora
2028 1677 2364 1757 serebant,
2416 1675 2601 1760 peri-

342 1793 677 1874 tissimuS,
716 1793 1045 1878 quidquid
1089 1793 1506 1877 alienigenae
1555 1792 1790 1877 populi
1824 1792 1911 1857 ab
1965 1791 2312 1876 prioribus
2354 1791 2600 1856 Galliae

343 1907 619 1973 vatibus
654 1907 820 1972 olim
851 1906 1140 1972 mutuati
1169 1925 1294 1995 pro
1326 1925 1451 1972 suo
1487 1906 1956 1988 vindicabant,
1994 1905 2222 1988 gentis
2276 1922 2422 1970 suae
2452 1905 2604 1969 lau-

344 2021 549 2087 dibus
620 2020 1027 2086 Valkelinus
1103 2020 1443 2104 adjungit.
1533 2020 1845 2085 Italicam
1919 2019 2260 2104 imprimis
2337 2018 2601 2104 poesim

346 2132 584 2199 multis
633 2133 878 2217 opibus
926 2132 1202 2217 spoliat,
1254 2134 1502 2216 quibus
1554 2132 1742 2198 velut
1798 2132 2095 2217 propriis
2144 2134 2292 2197 erat
2343 2131 2603 2196 dudum

305 2335 316 2341 ,
341 2246 672 2330 gloriata.
703 2247 977 2312 Jamdiu
1012 2246 1190 2311 inter
1223 2248 1524 2312 Francos
1562 2246 1906 2330 Italosque
1954 2264 2223 2311 summa
2256 2245 2603 2311 contentio

347 2363 500 2427 orta
535 2361 782 2443 suerat,
818 2362 972 2426 utra
1006 2380 1204 2445 gens,
1244 2380 1399 2426 cum
1427 2362 1691 2444 lingua,
1723 2364 1870 2426 tum
1904 2361 2119 2444 poesi,
2156 2360 2353 2425 alteri
2389 2378 2607 2445 praes-

345 2475 549 2542 taret.
586 2474 737 2539 Non
771 2474 1015 2557 negari
1064 2475 1341 2558 quidem
1394 2478 1619 2559 potest
1671 2474 1945 2539 Italicas
1999 2474 2263 2539 litteras
2309 2474 2604 2539 novissi-

350 2586 483 2651 mis
516 2587 588 2651 in
617 2587 885 2653 duobus
919 2587 1195 2652 saeculis
1233 2587 1602 2671 plurimum
1638 2588 1724 2651 ad
1763 2590 2035 2652 nostras
2062 2586 2458 2651 contulisse.
2501 2587 2603 2650 Ne

346 2698 557 2764 altius
587 2716 790 2781 quam
827 2716 869 2763 a
904 2699 1267 2764 Francisco
1297 2698 1520 2783 primo
1553 2717 1664 2763 res
1694 2701 2112 2786 repetamus,
2147 2697 2297 2762 Itali
2318 2699 2446 2763 sub
2472 2697 2605 2763 hoc

345 2831 515 2897 rege
555 2813 665 2878 vel
696 2813 996 2879 artifices
1032 2813 1140 2878 vel
1175 2817 1397 2897 poetae
1427 2813 1783 2880 Gallorum
1819 2813 2014 2897 quasi
2050 2811 2365 2896 magistri
2401 2811 2606 2878 exsti—

347 2931 596 2992 terant.
653 2929 1013 3010 Regnante
1063 2927 1431 2993 Catharina
1465 2929 1823 3009 Medicaea,
1871 2927 2347 2993 vehementius
2395 2926 2603 2992 etiam

351 3039 828 3106 increbruerat
882 3041 1036 3106 haec
1098 3041 1427 3107 Italorum
1495 3041 1810 3107 imitatio,
1887 3041 2036 3107 Non
2106 3040 2245 3106 alia
2313 3058 2598 3123 genera,

354 3154 614 3219 Graecis
670 3154 947 3238 quidem
999 3155 1392 3238 Latinisque
1458 3155 1719 3238 ignota,
1782 3156 1996 3221 nostri
2052 3159 2276 3240 poetae
2341 3154 2598 3235 colunt,

354 3287 560 3350 quam
594 3286 776 3351 quae,
811 3273 884 3333 ut
914 3269 1279 3349 senellam,
1328 3269 1397 3333 in
1437 3269 1642 3334 vicini
1689 3269 1925 3356 populi
1970 3286 2161 3333 more
2211 3274 2596 3332 versantur.

357 3384 571 3447 Immo
605 3383 826 3467 patrio
845 3384 994 3466 jam
1038 3383 1339 3449 sermoni
1365 3385 1454 3449 ab
1490 3383 1714 3448 aulica
1736 3384 2101 3466 Juventute
2136 3382 2604 3448 admiscentur

351 3515 477 3563 seu
540 3514 746 3562 voces
804 3514 925 3561 seu
1010 3496 1391 3563 locutiones
1451 3515 1538 3562 ex
1610 3496 2039 3581 transalpina
2108 3495 2603 3562 consuetudine

351 3609 687 3692 acceptae.
725 3608 1063 3682 Quantum
1100 3607 1313 3691 igitur
1342 3608 1549 3674 distat
1597 3609 1683 3674 ab
1720 3608 1839 3675 illo
1879 3612 2215 3693 tempore,
2263 3627 2398 3692 quo
2434 3610 2606 3674 Bru-
2696 3581 2709 3594 ⁶

349 3723 586 3788 nettus
622 3722 904 3789 Latinus
945 3720 1318 3812 Sapientiae
1357 3721 1760 3791 thesaurum
1809 3724 1965 3790 ideo
2014 3724 2266 3808 gallice
2310 3724 2605 3812 scripse-

352 3838 499 3916 rat,
562 3835 726 3919 quia
785 3836 1016 3902 nullus
1072 3837 1249 3904 alius
1315 3856 1542 3905 sermo
1604 3837 1986 3922 legentium
2059 3855 2263 3904 aures
2335 3838 2604 3932 dulcius

350 3948 729 4014 oblectaret
768 3949 780 4014 !

440 4061 827 4145 Postquam
871 4080 1034 4128 vero
1081 4062 1502 4129 recentiores
1567 4064 1742 4130 sexti
1794 4063 2042 4129 decimi
2111 4063 2350 4130 saeculi
2412 4067 2605 4130 vates

355 4173 684 4256 gallicam
718 4175 1031 4259 linguam
1065 4177 1583 4243 illustraverunt
1624 4178 2023 4263 poesimque
2060 4178 2418 4264 praeclaris
2456 4197 2605 4245 mo-

352 4288 701 4384 numentis
758 4289 1174 4372 ditaverunt,
1227 4291 1356 4357 sibi
1397 4291 1528 4377 ipsi
1560 4293 1708 4376 jam
1748 4292 2023 4377 placere
2081 4311 2353 4378 coepere
2402 4296 2471 4360 et
2514 4294 2601 4360 ab

355 4403 683 4469 Italorum
716 4403 1171 4472 admiratione
1209 4406 1541 4492 paulatim
1570 4406 2392 4474 deficere.Gloriabantur
2421 4408 2606 4476 enim

409 4674 469 4730 (1)
497 4673 660 4729 Lih.1,
682 4685 789 4730 cap.
821 4675 948 4720 VIII.
