3561 5729
1878 640 2198 702 -36-

913 800 1207 884 scriptor
1267 795 1629 864 admittere
1682 795 1870 882 vu1t;
1928 795 2311 884 multopere
2367 795 2499 861 hoc
2552 796 2896 880 poematio
2932 798 3164 881 juvari

912 912 1217 997 aequales
1259 913 1453 977 vates
1489 909 1818 992 declarat,
1862 910 2070 993 quod,
2109 909 2424 994 quamvis
2463 910 2534 975 in
2568 910 2864 977 Galliam
2908 931 3171 1002 nuper-

911 1026 1085 1093 rime
1133 1025 1577 1111 importatum
1617 1024 1730 1107 sit,
1769 1042 2042 1091 summa
2073 1027 2305 1090 tamen
2348 1024 2554 1092 laude
2598 1027 2877 1110 propter
2919 1045 3172 1094 venus-

909 1144 1122 1207 tatem
1153 1140 1372 1206 floret.

1002 1257 1148 1323 Oda
1188 1256 1339 1344 ipsa
1368 1252 1483 1341 (1),
1526 1253 1794 1320 etiamsi
1827 1253 2015 1320 aliud
2047 1272 2301 1320 nomen
2335 1254 2400 1320 ei
2435 1256 2641 1337 esset,
2685 1255 2901 1323 multo
2919 1256 3068 1339 Jam
3096 1255 3169 1322 in

910 1371 1172 1436 honore
1211 1367 1474 1435 versari
1512 1370 1838 1457 coeperat.
1890 1369 2035 1433 Hoc
2076 1363 2216 1433 odoe
2248 1368 2659 1435 vocabulum
2697 1368 2959 1457 primus
2993 1369 3169 1435 Sibi-

910 1483 1088 1549 letus
1132 1481 1203 1547 in
1233 1484 1593 1567 poetarum
1644 1478 2211 1547 consuetudinem
2260 1479 2574 1546 induxit:
2623 1481 2744 1547 sed
2779 1480 3171 1566 quadrage-

912 1598 1088 1664 simo
1122 1597 1414 1683 septimo
1449 1596 1686 1664 saeculi
1721 1614 1903 1661 anno
1937 1595 2347 1661 Pelletarius
2364 1596 2513 1679 jam
2544 1596 2851 1680 ejusdem
2882 1596 3164 1681 generis

911 1714 1230 1801 poemata
1255 1711 1565 1777 ediderat
1590 1725 1603 1775 :
1633 1709 1779 1797 ipse
1803 1708 2126 1774 Sibiletus
2142 1707 2404 1773 Mellini
2425 1708 2839 1775 cantilenam
2864 1710 3168 1794 aliquam

913 1827 1195 1911 profert,
1229 1844 1435 1910 quam
1481 1843 1605 1912 pro
1658 1823 1857 1909 lyrici
1907 1822 2232 1889 carminis
2274 1823 2669 1912 exemplare
2711 1823 2942 1890 habet.
2980 1822 3167 1889 Nihil

911 1940 996 2006 de
1048 1939 1401 2024 pindarico
1449 1956 1707 2021 genere
1757 1939 2130 2018 memorat,
2194 1936 2376 2020 quod
2423 1936 2655 2004 nullus
2701 1937 2928 2003 adhuc
2974 1939 3168 2003 vates

910 2053 1253 2139 coluerat3
1300 2052 1369 2118 in
1408 2052 1670 2117 leviore
1714 2069 1880 2124 vero
1916 2050 2073 2133 oda,
2115 2068 2321 2134 quam
2372 2050 2591 2117 solam
2635 2050 2850 2131 novit,
2906 2050 3169 2116 brevis-

909 2166 1104 2232 simis
1167 2166 1519 2247 versibuS,
1581 2165 1752 2249 lyrae
1813 2183 1982 2232 sono
2044 2164 2244 2230 facile
2303 2165 2875 2248 congruentibuS,
2935 2164 3167 2230 tristes

918 2281 1202 2348 laetosve
1236 2280 1493 2346 amoris
1526 2281 1814 2346 affectus
1849 2279 2141 2368 exprimi
2176 2280 2489 2345 testatur.

1000 2398 1091 2461 De
1122 2394 1431 2480 Epistula
1462 2396 1530 2460 et
1568 2394 1811 2476 Elegia
1844 2393 2211 2483 septimum
2247 2391 2553 2476 ejusdem
2591 2391 2749 2457 libri
2785 2395 2991 2477 caput
3030 2391 3169 2459 dis-

914 2511 1145 2595 putat:
1188 2509 1420 2575 multis
1443 2510 1592 2593 jam
1614 2518 1771 2574 ante
1806 2508 2006 2574 annis
2032 2508 2255 2593 poetae
2291 2506 2572 2591 quidam
2605 2505 2918 2591 elegiaca
2947 2504 3170 2573 colue-

912 2616 1101 2709 r'ant3
1179 2623 1356 2689 inter
1430 2636 1550 2688 eos
1628 2622 1855 2690 Caroli
1931 2610 2220 2688 Fontan'i
2300 2639 2551 2688 nomen
2612 2621 2922 2707 proferre
3000 2622 3168 2688 satis

912 2737 1272 2819 habemus,
1310 2736 1425 2820 qui
1469 2735 1811 2803 Catarinae
1857 2735 2116 2803 sororis
2164 2734 2541 2818 interitum,
2579 2738 2738 2802 ante
2781 2735 3170 2820 quadrage-

911 2850 1161 2918 simum
1209 2850 1446 2919 saeculi
1496 2869 1752 2917 annum
1802 2853 2126 2934 mortuae,
2177 2850 2494 2918 versibus
2528 2850 2764 2936 gravis
2799 2868 2882 2916 ac
2915 2848 3165 2917 sinceri

910 2964 1135 3030 luctus
1169 2962 1588 3049 plenissimis
1624 2962 2026 3028 defleverat.
2075 2964 2381 3030 Marotus
2430 2981 2597 3029 vero
2647 2980 2787 3028 non
2837 2962 3041 3029 modo
3099 2962 3171 3027 in

913 3079 1253 3169 Epistula,
1316 3081 1510 3163 quus
1568 3078 1902 3162 magister
1963 3097 2045 3145 ac
2106 3078 2425 3164 princeps
2486 3078 2635 3145 sine
2693 3077 3169 3145 controversia

914 3194 1227 3276 habetur,
1266 3193 1385 3260 sed
1423 3193 1631 3259 etiam
1662 3195 1732 3258 in
1763 3193 1984 3277 elegis
2034 3192 2371 3277 poeticam
2417 3195 2637 3259 artem
2676 3193 2763 3258 ad
2825 3210 3168 3260 summum

914 3308 1313 3396 provexisse
1361 3306 1817 3374 existimatur.
1880 3308 2064 3372 Inter
2114 3309 2479 3390 utrumque
2530 3325 2755 3391 genus
2807 3307 3165 3374 minimum

915 3422 1245 3488 interesse
1312 3420 1635 3488 Sibiletus
1691 3420 1901 3487 ducit.
1962 3419 2303 3505 Epistula,
2360 3423 2434 3487 ut
2491 3420 2844 3506 opinatur,
2901 3422 3166 3504 omnia,

917 3555 1368 3621 quaecumque
1410 3537 1799 3603 litterarum
1847 3534 2262 3600 commercio
2319 3535 2630 3601 mandari
2685 3539 3003 3624 possunt,
3064 3536 3168 3603 sui

901 3650 1082 3734 Juris
1128 3651 1380 3737 habet3
1421 3650 1601 3734 elegi
1650 3651 1914 3716 tantam
1953 3648 2356 3714 varietatem
2410 3648 2590 3716 ferre
2634 3669 2774 3716 non
2809 3650 3164 3716 videntur:

911 3762 1144 3829 tristes
1192 3765 1351 3830 sunt
1398 3781 1480 3829 ac
1534 3762 1832 3844 flebiles,
1889 3762 2401 3848 amatoriosque
2457 3763 2743 3830 affectus
2786 3763 3171 3853 praesertim

915 3877 1349 3966 exprimunt3
1396 3896 1569 3962 quos
1615 3879 1894 3963 quidem
1943 3877 2241 3963 epistula
2283 3895 2420 3945 non
2462 3878 2803 3964 repudiat,
2851 3878 2971 3946 sed
3013 3896 3171 3962 pro-

918 3990 1141 4078 priam
1202 3990 1332 4056 sibi
1397 3987 1957 4078 subscription-em
2016 4009 2099 4058 ac
2156 3986 2800 4079 superscriptionem
2882 3989 3166 4070 retinet,

917 4101 1275 4186 magisque
1312 4101 1633 4168 familiari
1666 4103 1938 4169 dicendi
1972 4122 2163 4169 more
2195 4103 2428 4169 utitur.

1002 4217 1078 4281 In
1147 4218 1393 4280 octavo
1449 4215 1671 4300 capite
1728 4215 1815 4280 de
1875 4215 2209 4282 bucolicis
2269 4214 2519 4300 quaerit
2568 4213 2916 4282 Sibiletus.
2978 4214 3174 4280 Hanc

913 4330 1178 4413 eclogae
1228 4332 1522 4397 formam
1571 4332 1787 4412 novit,
1830 4349 1986 4415 quae
2029 4334 2436 4421 perpetuum
2481 4331 2814 4400 orationis
2859 4333 3173 4398 tenorem

921 4451 1192 4532 servat3
1239 4447 1447 4514 immo
1495 4446 1834 4532 ejusmodi
1891 4466 2063 4536 opus
2103 4446 2232 4513 hac
2281 4447 2435 4531 lege
2480 4447 2756 4533 probat,
2812 4449 2889 4512 ut
2934 4445 3168 4512 multae

968 4694 1024 4745 ⁴l)
1053 4694 1160 4738 Lib.
1184 4694 1242 4747 11,
1266 4705 1373 4749 cap.
1396 4694 1478 4739 vl.
