3561 5729
1279 648 1639 709 —109—

329 795 580 879 potest,
609 790 776 875 quin
811 792 942 857 Ars
983 790 1255 876 poetica
1297 791 1406 858 his
1439 791 1873 877 poematibus
1916 791 2440 858 adnumeranda
2469 790 2585 873 sit,

325 923 485 990 quae
542 905 702 970 ante
766 902 1020 970 multos
1065 922 1284 970 annos
1354 923 1429 970 se
1473 903 1865 971 condidisse
1926 906 2117 970 vates
2193 905 2583 970 confitetur.

326 1018 740 1085 Absolutum
804 1020 990 1084 certe
1053 1019 1203 1084 erat
1267 1037 1465 1104 opus,
1513 1021 1883 1103 antequam
1944 1018 2350 1084 Franciscus
2416 1018 2590 1083 Mal-

327 1132 573 1212 herba,
607 1131 725 1216 qui
761 1131 1088 1217 primum,
1126 1137 1200 1198 ut
1235 1131 1380 1221 ipse
1415 1134 1536 1207 ait,
1570 1132 2033 1198 Ronsardicos
2071 1150 2297 1199 mores
2323 1132 2392 1198 in
2429 1149 2589 1198 ver-

325 1247 520 1313 sibus
577 1244 964 1312 scribendis
1009 1248 1285 1312 secutus
1337 1246 1584 1328 fuerat,
1623 1246 1710 1311 ab
1759 1246 1946 1312 illius
1994 1245 2376 1312 imitatione
2434 1264 2588 1312 sese

324 1358 765 1440 removisset,
803 1360 895 1439 et,
957 1377 1043 1424 ex
1092 1359 1458 1425 Provincia
1511 1359 1856 1425 Lutetiam
1899 1378 2247 1442 reversuS,
2296 1358 2591 1443 gallicas

325 1471 593 1538 litteras
628 1472 715 1537 ad
742 1472 850 1539 sui
876 1472 1139 1556 ingenii
1176 1472 1481 1557 effigiem
1512 1475 1777 1558 fingere
1814 1473 2239 1540 tentavisset.
2267 1475 2591 1539 Attamen

325 1607 452 1676 per
507 1589 637 1655 hos
696 1588 946 1673 viginti
1001 1589 1112 1656 vel
1162 1590 1373 1656 etiam
1417 1590 1705 1675 triginta
1760 1609 2007 1672 annos,
2053 1590 2303 1674 quibus
2350 1592 2589 1656 Artem

324 1701 672 1788 poeticam
721 1701 1134 1768 Valkelinus
1185 1702 1591 1784 elaboravit,
1646 1703 1864 1770 multa
1908 1702 1980 1767 in
2031 1701 2591 1768 vicissitudinum

322 1816 664 1882 varietate
727 1816 991 1899 Jactata
1052 1819 1201 1883 erat
1269 1816 1649 1883 domestica
1730 1816 1986 1902 poesiS.
2061 1815 2248 1881 Nihil
2312 1815 2590 1900 quidem

325 1951 414 1998 ex
460 1930 695 2014 gloria
740 1929 1157 1999 Franciadis
1205 1932 1499 2018 scriptor
1546 1931 1917 2018 amiserat3
1967 1932 2178 1998 immo
2232 1940 2450 2016 usque
2501 1931 2589 1996 ad

326 2046 630 2134 proximi
688 2047 928 2114 saeculi
992 2047 1263 2114 initium
1335 2041 1484 2131 ejus
1555 2066 1812 2113 nomen
1877 2065 2002 2136 pro
2063 2046 2308 2113 Phoebi
2374 2046 2593 2131 ipsius

327 2161 612 2228 nomine
647 2160 888 2227 haberi
923 2178 1062 2226 non
1115 2160 1345 2241 desiit,
1399 2160 1725 2246 nullaque
1765 2162 1938 2228 aetas
1967 2179 2268 2245 unquam
2296 2160 2382 2226 de
2407 2161 2596 2225 Ron-

325 2275 518 2341 sardi
578 2273 903 2340 laudibus
939 2274 1232 2340 tacitura
1274 2293 1426 2341 esse
1483 2275 1868 2342 videbatur.
1933 2277 2039 2356 At,
2099 2274 2415 2359 quamvis
2463 2276 2595 2340 Bo-

328 2387 538 2454 laeum
588 2386 898 2470 graviter
964 2404 1197 2453 errare
1245 2389 1535 2471 constet,
1587 2406 1743 2454 cum
1804 2388 1959 2454 ideo
2032 2387 2401 2453 Bertaltum
2436 2389 2596 2453 Por-

325 2504 683 2584 taeumque
736 2500 1193 2567 modestiores
1239 2502 1452 2568 fuisse
1495 2503 1873 2586 contendit,
1940 2503 2103 2587 quia
2158 2503 2243 2569 iis
2292 2503 2596 2568 Ronsar-

328 2616 509 2682 dicae
571 2615 959 2700 disciplinae
1010 2615 1213 2681 ruina
1260 2616 1671 2683 documento
1741 2619 1989 2699 suerat,
2062 2617 2283 2706 primo
2358 2619 2592 2683 tamen

330 2732 696 2815 poetarum
746 2729 1136 2816 proventui,
1184 2729 1299 2813 qui
1361 2749 1700 2796 novarum
1769 2750 2001 2797 rerum
2059 2733 2377 2797 auctores
2434 2749 2592 2797 exs-

327 2844 638 2926 titerant,
706 2861 890 2910 nova
954 2843 1276 2929 quaedam
1348 2848 1520 2911 aetas
1577 2844 1910 2934 paulatim
1977 2847 2400 2928 accreverat,
2470 2844 2592 2912 iis-

330 2958 491 3024 dem
542 2976 758 3042 prope
789 2956 1036 3023 studiis
1084 2959 1347 3024 imbuta
1389 2961 1457 3024 et
1498 2960 1587 3024 ad
1627 2959 1930 3026 Pleiadis
1975 2959 2220 3025 ducem
2259 2959 2449 3025 velut
2501 2959 2592 3025 ad

331 3071 746 3154 magistrum
781 3087 1142 3151 conversa,
1185 3088 1343 3153 quae
1373 3088 1539 3136 vero
1583 3072 1967 3137 recentiore
2003 3072 2199 3155 quasi
2236 3074 2400 3138 nota
2440 3072 2596 3155 gal-

330 3185 538 3251 licam
581 3183 846 3268 poesim
887 3181 1214 3266 signavit.
1267 3182 1510 3265 Alteri,
1561 3183 1735 3250 sicut
1767 3184 2184 3263 BartassiuS,
2218 3184 2598 3251 Ronsardi-

331 3317 434 3366 cae
469 3296 947 3383 amplitudinis
974 3316 1057 3363 ac
1089 3297 1531 3364 sublimitatis
1566 3298 1849 3364 modum
1889 3302 2337 3366 excesserunt
2388 3300 2598 3366 tumi-

331 3413 633 3495 dumque
669 3409 943 3476 dicendi
977 3429 1201 3494 genus
1239 3412 1398 3476 sunt
1441 3410 1843 3491 consectati,
1873 3410 2277 3478 Vasconicis
2310 3412 2596 3479 auribus

330 3527 802 3612 aptissimum;
864 3525 1066 3591 alteri
1121 3527 1384 3605 contra,
1445 3544 1601 3592 cum
1636 3528 1899 3592 tantam
1948 3526 2211 3611 ingenii
2262 3527 2404 3594 vim
2455 3546 2596 3595 non

332 3640 794 3710 haberentet
864 3639 1139 3705 mitiore
1199 3639 1429 3705 indole
1487 3642 1718 3706 essent
1774 3639 2085 3725 praediti,
2146 3640 2462 3725 magistri
2527 3646 2598 3707 et

330 3753 501 3820 vitia
536 3755 607 3819 et
634 3752 925 3818 virtutes
959 3754 1512 3818 attenuaverunt.

417 3869 634 3936 Nobis
669 3867 1021 3935 Valkelini
1067 3870 1304 3934 Artem
1340 3866 1873 3949 excutientibuS,
1926 3867 2072 3934 sive
2119 3868 2206 3933 ad
2246 3870 2596 3957 praecepta

331 3983 878 4066 doctrina-mque,
915 3982 1063 4048 sive
1096 3981 1184 4047 ad
1220 3981 1565 4047 scribendi
1592 3981 1933 4048 rationem
1967 3986 2035 4047 et
2068 3983 2594 4066 pangendorum

332 4117 659 4166 versuum
695 4100 916 4165 artem
941 4097 1422 4182 respiciamus,
1458 4115 1617 4163 eum
1651 4097 2014 4185 apparebit
2057 4098 2398 4165 Ronsardi
2443 4099 2601 4182 qui-

332 4213 490 4279 dem
520 4212 958 4298 disciplinam
1010 4229 1360 4295 nunquam
1406 4211 1822 4293 deseruisse,
1876 4212 1996 4277 sed
2042 4211 2375 4295 quidquid
2415 4212 2601 4298 apud

331 4329 565 4414 gallici
642 4327 966 4396 Parnassi
1058 4327 1440 4414 principem
1498 4327 1833 4394 audacius
1898 4327 2321 4413 liberiusque
2388 4331 2596 4410 esset,

335 4461 489 4509 cum
530 4442 603 4508 in
656 4442 928 4528 poetica
966 4441 1194 4507 minus
1240 4440 1668 4528 probavisse,
1708 4441 1857 4506 tum
1900 4440 1971 4505 in
2013 4438 2286 4506 dicendi
2336 4458 2598 4524 genere

334 4557 572 4624 multis
612 4556 1071 4624 condimentis
1117 4555 1585 4639 mitigavisse‚
1642 4557 1711 4621 et
1762 4574 1849 4621 ex
1908 4554 2227 4621 omnibus
2275 4553 2594 4639 magistri

336 4669 692 4762 discipulis
719 4689 841 4737 eos
862 4669 1240 4737 voluntat-is
1272 4669 1569 4754 quadam
1605 4667 2053 4736 inclinatione
2081 4668 2587 4755 anteposuisse,
