3561 5729
1351 672 1670 735 ..83-

377 812 483 878 Un
508 811 905 898 Terpandre
930 813 1216 881 chanter
1249 834 1342 882 un
1377 816 1587 883 chant
1615 814 2033 898 melodieux,

375 928 435 992 A
467 926 835 1010 l'exemple
861 926 1238 1013 d’Orphee3
1274 932 1343 996 et
1369 929 1524 1014 plus
1557 929 1761 996 d’une
1792 928 2032 996 Me'dee

376 1040 727 1107 Accorder
757 1040 829 1106 13
859 1046 1108 1125 toyson
1144 1059 1268 1127 par
1299 1045 1508 1109 Jason
1544 1042 1963 1128 demandee3

379 1156 481 1221 On
512 1176 559 1240 y
588 1156 749 1221 void
779 1156 844 1222 le
874 1157 1101 1243 despit
1129 1161 1218 1225 ou
1248 1176 1501 1243 poussa
1525 1159 1837 1244 Cupidon

378 1270 477 1334 La
504 1270 647 1335 fille
673 1271 760 1336 de
788 1271 1014 1337 Dicaee
1045 1273 1114 1337 et
1140 1271 1211 1337 la
1242 1290 1455 1357 povre
1487 1272 1730 1339 Didon.

377 1384 508 1451 Car
535 1388 725 1452 toute
760 1386 996 1471 poesie
1032 1386 1079 1452 il
1115 1386 1419 1453 contient
1452 1406 1538 1452 en
1576 1406 2024 1471 soy-mesme,

378 1498 522 1564 Soit
556 1499 874 1584 tragique
904 1519 993 1566 ou
1029 1501 1342 1585 comique
1378 1519 1467 1567 ou
1501 1502 1636 1567 soit
1662 1504 1858 1568 autre
1894 1504 2136 1591 poeme
2160 1501 2267 1589 (1).

379 1705 628 1786 Nullis,
678 1709 753 1772 ut
805 1709 1115 1791 apparet,
1167 1705 1505 1786 terminis,
1554 1704 2139 1771 circumscribitur
2180 1723 2222 1769 a
2266 1704 2638 1772 Valkelino

380 1838 690 1905 campus,
743 1820 812 1884 in
860 1838 995 1903 quo
1048 1820 1284 1905 epicus
1331 1822 1534 1908 poeta
1584 1818 1933 1884 exsultare
1986 1824 2053 1884 et
2109 1819 2390 1902 ingenio
2442 1820 2637 1903 quasi

378 1933 688 1999 habenas
726 1933 1077 1998 remittere
1112 1933 1349 2021 possit.
1400 1932 1571 2007 Quid
1619 1932 1702 1997 de
1743 1932 2024 1997 heroico
2059 1950 2317 2015 genet-e
2360 1934 2634 2015 sentiat,

376 2047 738 2113 novissimi
775 2048 910 2113 (luo
943 2064 1186 2113 versus
1230 2046 1641 2112 concludere
1677 2046 2019 2111 videntur.
2071 2047 2146 2110 In
2182 2045 2425 2112 eodem
2461 2047 2638 2112 libro

368 2163 522 2246 jam
559 2162 709 2227 haec
743 2161 1117 2247 scripserat
1150 2176 1165 2227 :

557 2363 731 2430 Mais
769 2364 817 2430 il
851 2365 994 2430 faut
1027 2365 1112 2430 de
1147 2367 1256 2431 cet
1287 2367 1413 2430 Art
1444 2366 1599 2430 tous
1624 2364 1727 2430 les
1761 2362 2122 2450 preceptes
2156 2368 2452 2451 prendre

557 2478 797 2552 Quand
833 2484 904 2544 tu
938 2479 1240 2544 voudras
1275 2476 1527 2563 parfait
1562 2496 1653 2542 un
1692 2477 1786 2542 tel
1830 2496 2138 2564 ouvrage
2174 2480 2464 2564 rendre;

557 2593 693 2657 Par
723 2611 807 2676 cy
843 2611 967 2678 par
1000 2593 1069 2659 13
1105 2590 1316 2658 mesle
1352 2592 1503 2657 rien
1535 2591 1622 2657 ici
1658 2596 1730 2658 tu
1761 2610 1848 2658 ne
1880 2591 1969 2659 lis

556 2707 684 2781 Qui
719 2726 806 2772 ne
839 2707 1053 2774 rende
1088 2707 1190 2773 les
1227 2725 1384 2773 vers
1418 2706 1581 2772 d'un
1613 2705 1707 2772 tel
1744 2725 1987 2773 oeuvre
2022 2708 2361 2776 embellis.

376 2907 569 2993 Epici
628 2908 957 2974 carminis
1016 2909 1197 2998 apud
1262 2910 1525 2994 priscas
1579 2913 1826 2994 gentes
1878 2908 2314 2993 amplitudini
2381 2909 2638 2994 optime

375 3024 700 3090 convenit
743 3024 945 3108 hujus
989 3024 1407 3091 definitionis
1450 3025 1755 3103 licentia,
1805 3043 1961 3109 quae
2007 3025 2444 3114 heroicorum
2495 3043 2642 3089 ma-

376 3134 623 3200 teriam
651 3135 721 3199 in
760 3135 1169 3201 immensum
1206 3143 1440 3220 patere
1476 3136 1662 3216 sinit,
1698 3141 1766 3201 et
1800 3135 2129 3220 quidquid
2158 3135 2405 3201 ceteris
2438 3154 2643 3218 gene-

376 3248 571 3315 ribus
609 3249 966 3336 proprium
1010 3253 1114 3314 est
1156 3249 1352 3333 epico
1391 3249 1632 3333 generi
1672 3249 2021 3334 adjungit;
2067 3267 2149 3314 eo
2184 3249 2389 3314 modo
2434 3248 2641 3315 nullis

377 3379 547 3450 epos
578 3361 912 3427 limitibus
953 3361 1351 3444 includitur,
1394 3365 1759 3445 quominus
1803 3364 1863 3426 ei
1912 3361 2115 3427 liceat
2157 3380 2432 3427 omnem
2476 3362 2639 3428 vitae

377 3474 757 3557 imaginem
804 3475 1139 3557 effingere
1173 3491 1584 3558 omnemque
1618 3492 1851 3539 rerum
1889 3473 2350 3539 humanarum
2390 3492 2645 3540 memo-

377 3591 554 3656 riam
591 3589 952 3674 complecti
995 3604 1009 3654 :
1059 3607 1391 3672 magnum
1438 3589 1715 3673 aliquod
1762 3588 2273 3674 receptaculum
2325 3592 2451 3670 est,
2505 3608 2641 3672 quo

377 3708 647 3771 cunctae
701 3704 931 3789 poesis
977 3706 1303 3787 tanquam
1355 3703 1628 3769 venulae
1681 3703 2054 3769 confluunt.
2118 3704 2282 3769 Haec
2328 3702 2637 3784 libertaS,

377 3836 587 3903 quam
616 3817 898 3883 heroico
937 3821 1162 3900 poetae
1209 3815 1617 3881 Valkelinus
1656 3817 1997 3896 concedit,
2037 3836 2197 3882 mox
2223 3817 2349 3882 sub
2384 3834 2644 3899 angus-

377 3933 669 3999 tissimae
709 3931 1094 4017 disciplinae
1121 3933 1370 4015 jugum
1423 3932 1643 3997 cadet.
1703 3932 2073 3998 Valkelino
2117 3933 2274 4017 ipsi.
2326 3932 2642 4015 quamvis

380 4046 557 4135 epici
610 4045 790 4111 vatis
828 4046 947 4129 jus
1000 4045 1346 4128 integrum
1395 4049 1649 4122 servet,
1722 4064 1859 4111 non
1920 4045 2095 4110 adeo
2150 4045 2640 4127 gratulandum

380 4159 672 4225 fortasse
705 4160 840 4242 est3
872 4156 1130 4223 nullam
1168 4157 1353 4222 enim
1387 4159 1475 4223 ob
1509 4158 1719 4222 aliam
1749 4176 2030 4223 causam
2063 4176 2220 4222 eum
2257 4156 2462 4223 latius
2497 4175 2648 4245 spa-

380 4273 538 4339 tiari
584 4292 829 4362 passus
867 4265 994 4352 est,
1040 4273 1493 4357 omnibusque
1533 4272 1828 4339 vinculis
1865 4273 2239 4357 expedivit,
2291 4272 2423 4338 nisi
2460 4274 2641 4357 quod

380 4388 684 4454 incertus
721 4391 893 4468 erat,
937 4386 1280 4469 quomodo
1309 4386 1520 4451 totius
1563 4386 1844 4469 generis
1888 4386 2180 4452 sormam
2214 4386 2446 4451 animo
2483 4405 2646 4451 con-

380 4500 662 4586 ciperet.
725 4499 996 4565 Primos
1053 4499 1527 4564 tantummodo
1577 4494 1950 4564 Israelidis
2000 4516 2241 4564 versus
2299 4498 2641 4568 novimus,

432 4705 498 4759 (1)
521 4706 666 4750 Valk.
687 4705 833 4749 Prim.
856 4704 997 4750 Cant.
