<?xml version="1.0" encoding="UTF-8"?>
<!DOCTYPE html PUBLIC "-//W3C//DTD XHTML 1.0 Transitional//EN"
    "http://www.w3.org/TR/xhtml1/DTD/xhtml1-transitional.dtd">
<html xmlns="http://www.w3.org/1999/xhtml" xml:lang="en" lang="en">
 <head>
  <title>
</title>
<meta http-equiv="Content-Type" content="text/html;charset=utf-8" />
  <meta name='ocr-system' content='tesseract 3.04.00' />
  <meta name='ocr-capabilities' content='ocr_page ocr_carea ocr_par ocr_line ocrx_word'/>
</head>
<body>
  <div class='ocr_page' id='page_1' title='image "./desextidecimisa00pellgoog_0060.png"; bbox 0 0 3561 5729; ppageno 0'>
   <div class='ocr_carea' id='block_1_1' title="bbox 1881 628 2199 688">
    <p class='ocr_par' dir='ltr' id='par_1_1' title="bbox 1881 628 2199 688">
     <span class='ocr_line' id='line_1_1' title="bbox 1881 628 2199 688; baseline -0.003 -15"><span class='ocrx_word' id='word_1_1' title='bbox 1881 628 2199 688; x_wconf 76' lang='lat'>-56-</span> 
     </span>
    </p>
   </div>
   <div class='ocr_carea' id='block_1_2' title="bbox 912 769 3169 1089">
    <p class='ocr_par' dir='ltr' id='par_1_2' title="bbox 912 769 3169 1089">
     <span class='ocr_line' id='line_1_2' title="bbox 914 769 3163 860; baseline -0.003 -18"><span class='ocrx_word' id='word_1_2' title='bbox 914 777 1210 860; x_wconf 87' lang='lat' dir='ltr'><strong>denique</strong></span> <span class='ocrx_word' id='word_1_3' title='bbox 1247 778 1480 841; x_wconf 82' lang='lat' dir='ltr'><strong>Artem</strong></span> <span class='ocrx_word' id='word_1_4' title='bbox 1514 774 1855 860; x_wconf 87' lang='lat' dir='ltr'><strong>poeticam</strong></span> <span class='ocrx_word' id='word_1_5' title='bbox 1884 791 2039 839; x_wconf 91' lang='lat' dir='ltr'><strong>cum</strong></span> <span class='ocrx_word' id='word_1_6' title='bbox 2075 769 2426 838; x_wconf 86' lang='lat' dir='ltr'><strong>Valkelini</strong></span> <span class='ocrx_word' id='word_1_7' title='bbox 2460 789 2670 857; x_wconf 89' lang='lat' dir='ltr'><strong>opere</strong></span> <span class='ocrx_word' id='word_1_8' title='bbox 2706 771 3163 853; x_wconf 81' lang='lat' dir='ltr'><strong>conferemuS,</strong></span> 
     </span>
     <span class='ocr_line' id='line_1_3' title="bbox 912 884 3169 975; baseline -0.003 -19"><span class='ocrx_word' id='word_1_9' title='bbox 912 910 1049 975; x_wconf 91' lang='lat' dir='ltr'><strong>qua</strong></span> <span class='ocrx_word' id='word_1_10' title='bbox 1073 910 1159 955; x_wconf 85' lang='lat' dir='ltr'><strong>ex</strong></span> <span class='ocrx_word' id='word_1_11' title='bbox 1194 889 1561 955; x_wconf 89' lang='lat' dir='ltr'><strong>collatione</strong></span> <span class='ocrx_word' id='word_1_12' title='bbox 1595 887 1829 954; x_wconf 88' lang='lat' dir='ltr'><strong>brevis</strong></span> <span class='ocrx_word' id='word_1_13' title='bbox 1861 886 2182 971; x_wconf 83' lang='lat' dir='ltr'><strong>quaedam</strong></span> <span class='ocrx_word' id='word_1_14' title='bbox 2217 885 2425 952; x_wconf 85' lang='lat' dir='ltr'><strong>totius</strong></span> <span class='ocrx_word' id='word_1_15' title='bbox 2453 884 2670 951; x_wconf 84' lang='lat' dir='ltr'>libelli</span> <span class='ocrx_word' id='word_1_16' title='bbox 2706 884 3015 952; x_wconf 82' lang='lat' dir='ltr'>clausula</span> <span class='ocrx_word' id='word_1_17' title='bbox 3047 903 3169 951; x_wconf 85' lang='lat' dir='ltr'><strong>ex-</strong></span> 
     </span>
     <span class='ocr_line' id='line_1_4' title="bbox 914 1000 1390 1089; baseline -0.004 -20"><span class='ocrx_word' id='word_1_18' title='bbox 914 1003 1248 1089; x_wconf 88' lang='lat' dir='ltr'><strong>primetur</strong></span> <span class='ocrx_word' id='word_1_19' title='bbox 1276 1000 1390 1086; x_wconf 90' lang='lat' dir='ltr'><strong>(l).</strong></span> 
     </span>
    </p>
   </div>
   <div class='ocr_carea' id='block_1_3' title="bbox 1895 1189 2184 1200">
    <p class='ocr_par' dir='ltr' id='par_1_3' title="bbox 1895 1189 2184 1200">
     <span class='ocr_line' id='line_1_5' title="bbox 1895 1189 2184 1200; baseline -0.003 -1"><span class='ocrx_word' id='word_1_20' title='bbox 1895 1189 2184 1200; x_wconf 88' lang='lat'><strong>———</strong></span> 
     </span>
    </p>
   </div>
   <div class='ocr_carea' id='block_1_4' title="bbox 1663 1394 2418 1459">
    <p class='ocr_par' dir='ltr' id='par_1_4' title="bbox 1663 1394 2418 1459">
     <span class='ocr_line' id='line_1_6' title="bbox 1663 1394 2418 1459; baseline 0 -2"><span class='ocrx_word' id='word_1_21' title='bbox 1663 1396 2061 1459; x_wconf 82' lang='lat' dir='ltr'>PRIMUM</span> <span class='ocrx_word' id='word_1_22' title='bbox 2107 1394 2418 1459; x_wconf 82' lang='lat' dir='ltr'>CAPUT</span> 
     </span>
    </p>
   </div>
   <div class='ocr_carea' id='block_1_5' title="bbox 1059 1624 3023 1816">
    <p class='ocr_par' dir='ltr' id='par_1_5' title="bbox 1059 1624 3023 1816">
     <span class='ocr_line' id='line_1_7' title="bbox 1059 1624 3023 1705; baseline 0.001 -19"><span class='ocrx_word' id='word_1_23' title='bbox 1059 1638 1227 1705; x_wconf 60' lang='lat' dir='ltr'><strong>Qun}</strong></span> <span class='ocrx_word' id='word_1_24' title='bbox 1278 1638 1371 1686; x_wconf 81' lang='lat' dir='ltr'><strong>Ex</strong></span> <span class='ocrx_word' id='word_1_25' title='bbox 1420 1624 1942 1687; x_wconf 86' lang='lat' dir='ltr'>SUPERIORIBUS</span> <span class='ocrx_word' id='word_1_26' title='bbox 1989 1639 2081 1687; x_wconf 88' lang='lat' dir='ltr'><strong>DE</strong></span> <span class='ocrx_word' id='word_1_27' title='bbox 2128 1638 2316 1686; x_wconf 87' lang='lat' dir='ltr'>ARTE</span> <span class='ocrx_word' id='word_1_28' title='bbox 2363 1638 2660 1688; x_wconf 81' lang='lat' dir='ltr'>POETICA</span> <span class='ocrx_word' id='word_1_29' title='bbox 2707 1638 3023 1687; x_wconf 83' lang='lat' dir='ltr'>SCRIPTIS</span> 
     </span>
     <span class='ocr_line' id='line_1_8' title="bbox 1616 1766 2476 1816; baseline 0.002 -3"><span class='ocrx_word' id='word_1_30' title='bbox 1616 1766 2072 1816; x_wconf 86' lang='lat' dir='ltr'><strong>VALKELINUS</strong></span> <span class='ocrx_word' id='word_1_31' title='bbox 2119 1767 2476 1815; x_wconf 80' lang='lat' dir='ltr'><strong>HAUSERl&#39;r</strong></span> 
     </span>
    </p>
   </div>
   <div class='ocr_carea' id='block_1_6' title="bbox 910 1957 3199 2884">
    <p class='ocr_par' dir='ltr' id='par_1_6' title="bbox 910 1957 3199 2884">
     <span class='ocr_line' id='line_1_9' title="bbox 910 1957 3170 2019; baseline -0.001 -13"><span class='ocrx_word' id='word_1_32' title='bbox 910 1964 1114 2019; x_wconf 78' lang='lat' dir='ltr'>Quando</span> <span class='ocrx_word' id='word_1_33' title='bbox 1137 1966 1187 2006; x_wconf 88' lang='lat' dir='ltr'><strong>et</strong></span> <span class='ocrx_word' id='word_1_34' title='bbox 1206 1975 1302 2018; x_wconf 81' lang='lat' dir='ltr'><strong>qua</strong></span> <span class='ocrx_word' id='word_1_35' title='bbox 1327 1966 1491 2007; x_wconf 85' lang='lat' dir='ltr'><strong>mente</strong></span> <span class='ocrx_word' id='word_1_36' title='bbox 1512 1964 1573 2006; x_wconf 87' lang='lat' dir='ltr'><strong>ad</strong></span> <span class='ocrx_word' id='word_1_37' title='bbox 1595 1960 2008 2006; x_wconf 79' lang='lat' dir='ltr'>conscribendam</span> <span class='ocrx_word' id='word_1_38' title='bbox 2027 1959 2272 2015; x_wconf 87' lang='lat' dir='ltr'><strong>poeticam</strong></span> <span class='ocrx_word' id='word_1_39' title='bbox 2293 1957 2589 2001; x_wconf 84' lang='lat' dir='ltr'><strong>Valkelinus</strong></span> <span class='ocrx_word' id='word_1_40' title='bbox 2611 1957 2828 2002; x_wconf 84' lang='lat' dir='ltr'><strong>animum</strong></span> <span class='ocrx_word' id='word_1_41' title='bbox 2849 1958 3101 2010; x_wconf 84' lang='lat' dir='ltr'><strong>adjecerit.</strong></span> <span class='ocrx_word' id='word_1_42' title='bbox 3116 1983 3170 1992; x_wconf 93' lang='lat'>-</span> 
     </span>
     <span class='ocr_line' id='line_1_10' title="bbox 964 2024 3170 2081; baseline -0.001 -9"><span class='ocrx_word' id='word_1_43' title='bbox 964 2030 1120 2079; x_wconf 64' lang='lat' dir='ltr'><strong>Vidua,</strong></span> <span class='ocrx_word' id='word_1_44' title='bbox 1143 2030 1327 2081; x_wconf 81' lang='lat' dir='ltr'><strong>Flacci.</strong></span> <span class='ocrx_word' id='word_1_45' title='bbox 1349 2029 1637 2073; x_wconf 80' lang='lat' dir='ltr'><strong>Aristotelis</strong></span> <span class='ocrx_word' id='word_1_46' title='bbox 1661 2027 1954 2071; x_wconf 84' lang='lat' dir='ltr'><strong>auctoritate</strong></span> <span class='ocrx_word' id='word_1_47' title='bbox 1981 2025 2168 2069; x_wconf 87' lang='lat' dir='ltr'><strong>nititur.</strong></span> <span class='ocrx_word' id='word_1_48' title='bbox 2187 2048 2241 2056; x_wconf 93' lang='lat'>-</span> <span class='ocrx_word' id='word_1_49' title='bbox 2259 2024 2397 2068; x_wconf 85' lang='lat' dir='ltr'><strong>Vidae</strong></span> <span class='ocrx_word' id='word_1_50' title='bbox 2430 2027 2480 2067; x_wconf 89' lang='lat' dir='ltr'><strong>et</strong></span> <span class='ocrx_word' id='word_1_51' title='bbox 2507 2024 2757 2069; x_wconf 84' lang='lat' dir='ltr'><strong>Valkelini</strong></span> <span class='ocrx_word' id='word_1_52' title='bbox 2783 2026 2930 2069; x_wconf 85' lang='lat' dir='ltr'><strong>Artes</strong></span> <span class='ocrx_word' id='word_1_53' title='bbox 2959 2026 3085 2070; x_wconf 87' lang='lat' dir='ltr'><strong>inter</strong></span> <span class='ocrx_word' id='word_1_54' title='bbox 3113 2037 3170 2071; x_wconf 89' lang='lat' dir='ltr'><strong>se</strong></span> 
     </span>
     <span class='ocr_line' id='line_1_11' title="bbox 963 2090 3168 2147; baseline -0.001 -9"><span class='ocrx_word' id='word_1_55' title='bbox 963 2096 1278 2138; x_wconf 75' lang='lat' dir='ltr'><strong>conferuntur</strong></span> <span class='ocrx_word' id='word_1_56' title='bbox 1296 2107 1306 2136; x_wconf 91' lang='lat'>:</span> <span class='ocrx_word' id='word_1_57' title='bbox 1327 2094 1377 2137; x_wconf 93' lang='lat' dir='ltr'><strong>in</strong></span> <span class='ocrx_word' id='word_1_58' title='bbox 1398 2093 1567 2145; x_wconf 78' lang='lat' dir='ltr'><strong>liguris</strong></span> <span class='ocrx_word' id='word_1_59' title='bbox 1587 2091 1883 2147; x_wconf 85' lang='lat' dir='ltr'><strong>quibusdam</strong></span> <span class='ocrx_word' id='word_1_60' title='bbox 1905 2094 1955 2134; x_wconf 90' lang='lat' dir='ltr'><strong>et</strong></span> <span class='ocrx_word' id='word_1_61' title='bbox 1975 2090 2224 2135; x_wconf 88' lang='lat' dir='ltr'><strong>scribendi</strong></span> <span class='ocrx_word' id='word_1_62' title='bbox 2245 2090 2547 2133; x_wconf 78' lang='lat' dir='ltr'><strong>ornamentis</strong></span> <span class='ocrx_word' id='word_1_63' title='bbox 2569 2092 2670 2134; x_wconf 85' lang='lat' dir='ltr'><strong>tota</strong></span> <span class='ocrx_word' id='word_1_64' title='bbox 2691 2092 2918 2133; x_wconf 82' lang='lat' dir='ltr'><strong>versatur</strong></span> <span class='ocrx_word' id='word_1_65' title='bbox 2942 2090 3168 2135; x_wconf 76' lang='lat' dir='ltr'><strong>imitatio.</strong></span> 
     </span>
     <span class='ocr_line' id='line_1_12' title="bbox 961 2158 3171 2216; baseline -0 -11"><span class='ocrx_word' id='word_1_66' title='bbox 961 2185 1016 2193; x_wconf 96' lang='lat'><strong>—</strong></span> <span class='ocrx_word' id='word_1_67' title='bbox 1040 2163 1155 2216; x_wconf 84' lang='lat' dir='ltr'><strong>Quae</strong></span> <span class='ocrx_word' id='word_1_68' title='bbox 1178 2162 1473 2205; x_wconf 87' lang='lat' dir='ltr'><strong>documenta</strong></span> <span class='ocrx_word' id='word_1_69' title='bbox 1493 2161 1553 2205; x_wconf 90' lang='lat' dir='ltr'><strong>de</strong></span> <span class='ocrx_word' id='word_1_70' title='bbox 1574 2161 1761 2204; x_wconf 81' lang='lat' dir='ltr'><strong>Graecoe</strong></span> <span class='ocrx_word' id='word_1_71' title='bbox 1790 2163 1838 2202; x_wconf 90' lang='lat' dir='ltr'><strong>et</strong></span> <span class='ocrx_word' id='word_1_72' title='bbox 1859 2160 2025 2203; x_wconf 80' lang='lat' dir='ltr'><strong>latinoe</strong></span> <span class='ocrx_word' id='word_1_73' title='bbox 2047 2160 2218 2215; x_wconf 78' lang='lat' dir='ltr'><strong>poesis</strong></span> <span class='ocrx_word' id='word_1_74' title='bbox 2237 2158 2461 2214; x_wconf 82' lang='lat' dir='ltr'><strong>historia,</strong></span> <span class='ocrx_word' id='word_1_75' title='bbox 2492 2169 2599 2213; x_wconf 79' lang='lat' dir='ltr'><strong>quae</strong></span> <span class='ocrx_word' id='word_1_76' title='bbox 2619 2161 2865 2214; x_wconf 84' lang='lat' dir='ltr'><strong>praecepta</strong></span> <span class='ocrx_word' id='word_1_77' title='bbox 2887 2158 2948 2203; x_wconf 87' lang='lat' dir='ltr'><strong>ad</strong></span> <span class='ocrx_word' id='word_1_78' title='bbox 2973 2158 3171 2204; x_wconf 78' lang='lat' dir='ltr'><strong>diversa</strong></span> 
     </span>
     <span class='ocr_line' id='line_1_13' title="bbox 963 2226 3169 2284; baseline -0.001 -11"><span class='ocrx_word' id='word_1_79' title='bbox 963 2240 1143 2283; x_wconf 82' lang='lat' dir='ltr'><strong>genera</strong></span> <span class='ocrx_word' id='word_1_80' title='bbox 1164 2232 1292 2284; x_wconf 82' lang='lat' dir='ltr'><strong>apta,</strong></span> <span class='ocrx_word' id='word_1_81' title='bbox 1316 2240 1423 2284; x_wconf 75' lang='lat' dir='ltr'><strong>quae</strong></span> <span class='ocrx_word' id='word_1_82' title='bbox 1450 2229 1661 2283; x_wconf 84' lang='lat' dir='ltr'><strong>denique</strong></span> <span class='ocrx_word' id='word_1_83' title='bbox 1692 2228 1905 2271; x_wconf 85' lang='lat' dir='ltr'><strong>consilia</strong></span> <span class='ocrx_word' id='word_1_84' title='bbox 1939 2231 1989 2270; x_wconf 86' lang='lat' dir='ltr'><strong>et</strong></span> <span class='ocrx_word' id='word_1_85' title='bbox 2013 2227 2203 2282; x_wconf 83' lang='lat' dir='ltr'><strong>J‘udicia</strong></span> <span class='ocrx_word' id='word_1_86' title='bbox 2224 2238 2250 2270; x_wconf 87' lang='lat' dir='ltr'><strong>a</strong></span> <span class='ocrx_word' id='word_1_87' title='bbox 2274 2226 2452 2269; x_wconf 85' lang='lat' dir='ltr'><strong>Flacco</strong></span> <span class='ocrx_word' id='word_1_88' title='bbox 2473 2226 2766 2270; x_wconf 84' lang='lat' dir='ltr'><strong>Valkelinus</strong></span> <span class='ocrx_word' id='word_1_89' title='bbox 2789 2227 2856 2270; x_wconf 88' lang='lat' dir='ltr'><strong>sit</strong></span> <span class='ocrx_word' id='word_1_90' title='bbox 2886 2228 3136 2270; x_wconf 85' lang='lat' dir='ltr'><strong>mutuatus</strong></span> <span class='ocrx_word' id='word_1_91' title='bbox 3158 2240 3169 2269; x_wconf 90' lang='lat'>:</span> 
     </span>
     <span class='ocr_line' id='line_1_14' title="bbox 964 2292 3171 2350; baseline -0.001 -11"><span class='ocrx_word' id='word_1_92' title='bbox 964 2297 1063 2340; x_wconf 73' lang='lat' dir='ltr'><strong>scre</strong></span> <span class='ocrx_word' id='word_1_93' title='bbox 1092 2297 1201 2347; x_wconf 68' lang='lat' dir='ltr'><strong>lota</strong></span> <span class='ocrx_word' id='word_1_94' title='bbox 1228 2294 1437 2337; x_wconf 83' lang='lat' dir='ltr'><strong>Romani</strong></span> <span class='ocrx_word' id='word_1_95' title='bbox 1458 2296 1616 2350; x_wconf 80' lang='lat' dir='ltr'><strong>poetae</strong></span> <span class='ocrx_word' id='word_1_96' title='bbox 1638 2296 1731 2337; x_wconf 74' lang='lat' dir='ltr'><strong>Ars</strong></span> <span class='ocrx_word' id='word_1_97' title='bbox 1752 2294 1814 2337; x_wconf 85' lang='lat' dir='ltr'><strong>ab</strong></span> <span class='ocrx_word' id='word_1_98' title='bbox 1837 2306 1895 2336; x_wconf 90' lang='lat' dir='ltr'><strong>eo</strong></span> <span class='ocrx_word' id='word_1_99' title='bbox 1935 2293 2176 2337; x_wconf 86' lang='lat' dir='ltr'><strong>translata</strong></span> <span class='ocrx_word' id='word_1_100' title='bbox 2201 2296 2294 2335; x_wconf 83' lang='lat' dir='ltr'><strong>est.</strong></span> <span class='ocrx_word' id='word_1_101' title='bbox 2327 2315 2380 2323; x_wconf 90' lang='lat'>—</span> <span class='ocrx_word' id='word_1_102' title='bbox 2403 2293 2561 2346; x_wconf 87' lang='lat' dir='ltr'><strong>Quare</strong></span> <span class='ocrx_word' id='word_1_103' title='bbox 2587 2292 2876 2337; x_wconf 85' lang='lat' dir='ltr'><strong>Aristotelis</strong></span> <span class='ocrx_word' id='word_1_104' title='bbox 2896 2293 3089 2349; x_wconf 83' lang='lat' dir='ltr'><strong>poetica</strong></span> <span class='ocrx_word' id='word_1_105' title='bbox 3108 2292 3171 2337; x_wconf 87' lang='lat' dir='ltr'><strong>ad</strong></span> 
     </span>
     <span class='ocr_line' id='line_1_15' title="bbox 965 2362 3173 2418; baseline -0.001 -9"><span class='ocrx_word' id='word_1_106' title='bbox 965 2368 1244 2410; x_wconf 87' lang='lat' dir='ltr'><strong>nostrorum</strong></span> <span class='ocrx_word' id='word_1_107' title='bbox 1267 2368 1450 2417; x_wconf 82' lang='lat' dir='ltr'><strong>vatum,</strong></span> <span class='ocrx_word' id='word_1_108' title='bbox 1492 2367 1636 2408; x_wconf 85' lang='lat' dir='ltr'><strong>sexto</strong></span> <span class='ocrx_word' id='word_1_109' title='bbox 1658 2366 1853 2408; x_wconf 86' lang='lat' dir='ltr'><strong>decimo</strong></span> <span class='ocrx_word' id='word_1_110' title='bbox 1881 2364 2082 2418; x_wconf 68' lang='lat' dir='ltr'><strong>siecum,</strong></span> <span class='ocrx_word' id='word_1_111' title='bbox 2115 2363 2380 2406; x_wconf 76' lang='lat' dir='ltr'><strong>utilitatem</strong></span> <span class='ocrx_word' id='word_1_112' title='bbox 2401 2362 2584 2417; x_wconf 85' lang='lat' dir='ltr'><strong>optime</strong></span> <span class='ocrx_word' id='word_1_113' title='bbox 2608 2363 2927 2407; x_wconf 84' lang='lat' dir='ltr'><strong>accommoda</strong></span> <span class='ocrx_word' id='word_1_114' title='bbox 2948 2366 3098 2407; x_wconf 84' lang='lat' dir='ltr'><strong>esset.</strong></span> <span class='ocrx_word' id='word_1_115' title='bbox 3119 2386 3173 2395; x_wconf 91' lang='lat'>—</span> 
     </span>
     <span class='ocr_line' id='line_1_16' title="bbox 963 2431 3171 2488; baseline 0 -12"><span class='ocrx_word' id='word_1_116' title='bbox 963 2434 1090 2488; x_wconf 88' lang='lat' dir='ltr'><strong>Quid</strong></span> <span class='ocrx_word' id='word_1_117' title='bbox 1112 2434 1172 2478; x_wconf 89' lang='lat' dir='ltr'><strong>ab</strong></span> <span class='ocrx_word' id='word_1_118' title='bbox 1204 2445 1261 2476; x_wconf 92' lang='lat' dir='ltr'><strong>eo</strong></span> <span class='ocrx_word' id='word_1_119' title='bbox 1283 2433 1578 2477; x_wconf 81' lang='lat' dir='ltr'><strong>Valkclinus</strong></span> <span class='ocrx_word' id='word_1_120' title='bbox 1606 2434 1859 2476; x_wconf 82' lang='lat' dir='ltr'><strong>hauserit:</strong></span> <span class='ocrx_word' id='word_1_121' title='bbox 1889 2444 1946 2476; x_wconf 89' lang='lat' dir='ltr'><strong>ea</strong></span> <span class='ocrx_word' id='word_1_122' title='bbox 1979 2432 2192 2487; x_wconf 84' lang='lat' dir='ltr'><strong>primum</strong></span> <span class='ocrx_word' id='word_1_123' title='bbox 2225 2433 2561 2484; x_wconf 80' lang='lat' dir='ltr'><strong>recensentur,</strong></span> <span class='ocrx_word' id='word_1_124' title='bbox 2597 2441 2704 2485; x_wconf 81' lang='lat' dir='ltr'><strong>quae</strong></span> <span class='ocrx_word' id='word_1_125' title='bbox 2738 2431 2933 2484; x_wconf 77' lang='lat' dir='ltr'><strong>singula</strong></span> <span class='ocrx_word' id='word_1_126' title='bbox 2967 2431 3171 2488; x_wconf 78' lang='lat' dir='ltr'><strong>poeticae</strong></span> 
     </span>
     <span class='ocr_line' id='line_1_17' title="bbox 963 2499 3199 2554; baseline 0 -11"><span class='ocrx_word' id='word_1_127' title='bbox 963 2511 1141 2552; x_wconf 73' lang='lat' dir='ltr'><strong>genera</strong></span> <span class='ocrx_word' id='word_1_128' title='bbox 1182 2499 1502 2552; x_wconf 75' lang='lat' dir='ltr'><strong>contingunt;</strong></span> <span class='ocrx_word' id='word_1_129' title='bbox 1547 2500 1725 2543; x_wconf 86' lang='lat' dir='ltr'><strong>deinde</strong></span> <span class='ocrx_word' id='word_1_130' title='bbox 1760 2500 1821 2543; x_wconf 89' lang='lat' dir='ltr'><strong>de</strong></span> <span class='ocrx_word' id='word_1_131' title='bbox 1861 2499 2071 2542; x_wconf 89' lang='lat' dir='ltr'><strong>summis</strong></span> <span class='ocrx_word' id='word_1_132' title='bbox 2108 2499 2333 2551; x_wconf 85' lang='lat' dir='ltr'><strong>ejusdem</strong></span> <span class='ocrx_word' id='word_1_133' title='bbox 2371 2499 2630 2554; x_wconf 87' lang='lat' dir='ltr'><strong>principiis</strong></span> <span class='ocrx_word' id='word_1_134' title='bbox 2668 2499 2841 2553; x_wconf 79' lang='lat' dir='ltr'><strong>agitur,</strong></span> <span class='ocrx_word' id='word_1_135' title='bbox 2881 2499 3074 2554; x_wconf 83' lang='lat' dir='ltr'><strong>qualem</strong></span> <span class='ocrx_word' id='word_1_136' title='bbox 3108 2499 3170 2544; x_wconf 84' lang='lat' dir='ltr'><strong>ad</strong></span> <span class='ocrx_word' id='word_1_137' title='bbox 3194 2528 3199 2533; x_wconf 83' lang='lat'><em>-</em></span> 
     </span>
     <span class='ocr_line' id='line_1_18' title="bbox 962 2564 3169 2622; baseline -0.001 -12"><span class='ocrx_word' id='word_1_138' title='bbox 962 2568 1108 2619; x_wconf 71' lang='lat' dir='ltr'><strong>graeci</strong></span> <span class='ocrx_word' id='word_1_139' title='bbox 1128 2567 1412 2622; x_wconf 81' lang='lat' dir='ltr'><strong>philosophi</strong></span> <span class='ocrx_word' id='word_1_140' title='bbox 1448 2567 1702 2621; x_wconf 81' lang='lat' dir='ltr'><strong>exemplar</strong></span> <span class='ocrx_word' id='word_1_141' title='bbox 1736 2568 1905 2609; x_wconf 86' lang='lat' dir='ltr'><strong>noster</strong></span> <span class='ocrx_word' id='word_1_142' title='bbox 1925 2568 2074 2620; x_wconf 86' lang='lat' dir='ltr'><strong>pocta</strong></span> <span class='ocrx_word' id='word_1_143' title='bbox 2103 2564 2347 2608; x_wconf 75' lang='lat' dir='ltr'><strong>informat.</strong></span> <span class='ocrx_word' id='word_1_144' title='bbox 2367 2586 2420 2597; x_wconf 87' lang='lat'><strong>--</strong></span> <span class='ocrx_word' id='word_1_145' title='bbox 2452 2564 2705 2618; x_wconf 87' lang='lat' dir='ltr'><strong>Quomodo</strong></span> <span class='ocrx_word' id='word_1_146' title='bbox 2727 2566 2777 2607; x_wconf 88' lang='lat' dir='ltr'><strong>et</strong></span> <span class='ocrx_word' id='word_1_147' title='bbox 2795 2567 3039 2619; x_wconf 85' lang='lat' dir='ltr'><strong>quatenus</strong></span> <span class='ocrx_word' id='word_1_148' title='bbox 3059 2576 3169 2608; x_wconf 89' lang='lat' dir='ltr'><strong>cum</strong></span> 
     </span>
     <span class='ocr_line' id='line_1_19' title="bbox 963 2631 3171 2689; baseline -0.001 -12"><span class='ocrx_word' id='word_1_149' title='bbox 963 2634 1250 2677; x_wconf 77' lang='lat' dir='ltr'><strong>domesticae</strong></span> <span class='ocrx_word' id='word_1_150' title='bbox 1276 2634 1447 2689; x_wconf 85' lang='lat' dir='ltr'><strong>poesis</strong></span> <span class='ocrx_word' id='word_1_151' title='bbox 1477 2633 1840 2676; x_wconf 85' lang='lat' dir='ltr'><strong>consuetudine</strong></span> <span class='ocrx_word' id='word_1_152' title='bbox 1871 2632 2107 2687; x_wconf 89' lang='lat' dir='ltr'><strong>quidquid</strong></span> <span class='ocrx_word' id='word_1_153' title='bbox 2136 2645 2162 2676; x_wconf 86' lang='lat' dir='ltr'><strong>a</strong></span> <span class='ocrx_word' id='word_1_154' title='bbox 2184 2631 2436 2676; x_wconf 79' lang='lat' dir='ltr'><strong>veteribus</strong></span> <span class='ocrx_word' id='word_1_155' title='bbox 2455 2632 2593 2687; x_wconf 77' lang='lat' dir='ltr'><strong>petit,</strong></span> <span class='ocrx_word' id='word_1_156' title='bbox 2615 2632 2880 2676; x_wconf 83' lang='lat' dir='ltr'><strong>conciliare</strong></span> <span class='ocrx_word' id='word_1_157' title='bbox 2909 2634 2959 2675; x_wconf 84' lang='lat' dir='ltr'><strong>et</strong></span> <span class='ocrx_word' id='word_1_158' title='bbox 2978 2642 3171 2676; x_wconf 86' lang='lat' dir='ltr'><strong>accom-</strong></span> 
     </span>
     <span class='ocr_line' id='line_1_20' title="bbox 962 2701 3168 2759; baseline -0.001 -11"><span class='ocrx_word' id='word_1_159' title='bbox 962 2705 1161 2748; x_wconf 86' lang='lat' dir='ltr'><strong>modare</strong></span> <span class='ocrx_word' id='word_1_160' title='bbox 1185 2706 1340 2747; x_wconf 83' lang='lat' dir='ltr'><strong>tentet</strong></span> <span class='ocrx_word' id='word_1_161' title='bbox 1361 2718 1371 2745; x_wconf 89' lang='lat'>:</span> <span class='ocrx_word' id='word_1_162' title='bbox 1393 2703 1679 2746; x_wconf 79' lang='lat' dir='ltr'><strong>Aristotelis</strong></span> <span class='ocrx_word' id='word_1_163' title='bbox 1702 2703 1966 2757; x_wconf 79' lang='lat' dir='ltr'><strong>Flaccique</strong></span> <span class='ocrx_word' id='word_1_164' title='bbox 1989 2703 2252 2746; x_wconf 84' lang='lat' dir='ltr'><strong>sententiis</strong></span> <span class='ocrx_word' id='word_1_165' title='bbox 2273 2714 2330 2746; x_wconf 89' lang='lat' dir='ltr'><strong>ac</strong></span> <span class='ocrx_word' id='word_1_166' title='bbox 2351 2703 2615 2759; x_wconf 68' lang='lat' dir='ltr'><strong>praeceptis</strong></span> <span class='ocrx_word' id='word_1_167' title='bbox 2636 2701 2928 2747; x_wconf 84' lang='lat' dir='ltr'><strong>Francicum</strong></span> <span class='ocrx_word' id='word_1_168' title='bbox 2956 2702 3168 2757; x_wconf 79' lang='lat' dir='ltr'><strong>aliquem</strong></span> 
     </span>
     <span class='ocr_line' id='line_1_21' title="bbox 964 2769 3171 2827; baseline 0 -12"><span class='ocrx_word' id='word_1_169' title='bbox 964 2771 1150 2815; x_wconf 86' lang='lat' dir='ltr'><strong>cultum</strong></span> <span class='ocrx_word' id='word_1_170' title='bbox 1188 2770 1508 2825; x_wconf 85' lang='lat' dir='ltr'><strong>habitumque</strong></span> <span class='ocrx_word' id='word_1_171' title='bbox 1545 2769 1728 2820; x_wconf 85' lang='lat' dir='ltr'><strong>induit;</strong></span> <span class='ocrx_word' id='word_1_172' title='bbox 1774 2771 1825 2814; x_wconf 85' lang='lat' dir='ltr'><strong>at</strong></span> <span class='ocrx_word' id='word_1_173' title='bbox 1876 2771 2101 2813; x_wconf 80' lang='lat' dir='ltr'><strong>veterum</strong></span> <span class='ocrx_word' id='word_1_174' title='bbox 2147 2769 2320 2815; x_wconf 85' lang='lat' dir='ltr'><strong>sedula</strong></span> <span class='ocrx_word' id='word_1_175' title='bbox 2361 2770 2635 2815; x_wconf 77' lang='lat' dir='ltr'><strong>imitatione</strong></span> <span class='ocrx_word' id='word_1_176' title='bbox 2673 2770 2857 2826; x_wconf 79' lang='lat' dir='ltr'><strong>saepius</strong></span> <span class='ocrx_word' id='word_1_177' title='bbox 2895 2770 3085 2827; x_wconf 81' lang='lat' dir='ltr'><strong>capitur</strong></span> <span class='ocrx_word' id='word_1_178' title='bbox 3120 2772 3171 2815; x_wconf 86' lang='lat' dir='ltr'><strong>et</strong></span> 
     </span>
     <span class='ocr_line' id='line_1_22' title="bbox 965 2838 1234 2884; baseline 0.004 -1"><span class='ocrx_word' id='word_1_179' title='bbox 965 2838 1234 2884; x_wconf 87' lang='lat' dir='ltr'><strong>seducitur.</strong></span> 
     </span>
    </p>
   </div>
   <div class='ocr_carea' id='block_1_7' title="bbox 910 3066 3180 4521">
    <p class='ocr_par' dir='ltr' id='par_1_7' title="bbox 910 3066 3180 4521">
     <span class='ocr_line' id='line_1_23' title="bbox 1000 3066 3168 3155; baseline 0.001 -23"><span class='ocrx_word' id='word_1_180' title='bbox 1000 3067 1176 3133; x_wconf 92' lang='lat' dir='ltr'><strong>Illud</strong></span> <span class='ocrx_word' id='word_1_181' title='bbox 1202 3066 1559 3151; x_wconf 85' lang='lat' dir='ltr'><strong>singulare</strong></span> <span class='ocrx_word' id='word_1_182' title='bbox 1574 3066 2267 3134; x_wconf 86' lang='lat' dir='ltr'><strong>animadvertendum</strong></span> <span class='ocrx_word' id='word_1_183' title='bbox 2289 3071 2394 3133; x_wconf 89' lang='lat' dir='ltr'><strong>est</strong></span> <span class='ocrx_word' id='word_1_184' title='bbox 2411 3067 2481 3133; x_wconf 92' lang='lat' dir='ltr'><strong>in</strong></span> <span class='ocrx_word' id='word_1_185' title='bbox 2500 3067 2764 3135; x_wconf 86' lang='lat' dir='ltr'><strong>familia</strong></span> <span class='ocrx_word' id='word_1_186' title='bbox 2785 3072 3168 3155; x_wconf 88' lang='lat' dir='ltr'><strong>poetarum,</strong></span> 
     </span>
     <span class='ocr_line' id='line_1_24' title="bbox 910 3179 3176 3266; baseline 0.002 -22"><span class='ocrx_word' id='word_1_187' title='bbox 910 3180 998 3244; x_wconf 93' lang='lat' dir='ltr'><strong>ad</strong></span> <span class='ocrx_word' id='word_1_188' title='bbox 1039 3198 1245 3264; x_wconf 88' lang='lat' dir='ltr'><strong>quam</strong></span> <span class='ocrx_word' id='word_1_189' title='bbox 1294 3179 1590 3263; x_wconf 78' lang='lat' dir='ltr'><strong>pertinet</strong></span> <span class='ocrx_word' id='word_1_190' title='bbox 1627 3180 1775 3265; x_wconf 89' lang='lat' dir='ltr'><strong>ipse</strong></span> <span class='ocrx_word' id='word_1_191' title='bbox 1820 3180 2255 3262; x_wconf 83' lang='lat' dir='ltr'><strong>ValkelinuS‚</strong></span> <span class='ocrx_word' id='word_1_192' title='bbox 2306 3181 2489 3266; x_wconf 91' lang='lat' dir='ltr'><strong>quod</strong></span> <span class='ocrx_word' id='word_1_193' title='bbox 2537 3182 2798 3249; x_wconf 89' lang='lat' dir='ltr'><strong>nullam</strong></span> <span class='ocrx_word' id='word_1_194' title='bbox 2852 3183 3176 3249; x_wconf 89' lang='lat' dir='ltr'><strong>novitatis</strong></span> 
     </span>
     <span class='ocr_line' id='line_1_25' title="bbox 911 3293 3176 3377; baseline 0.002 -20"><span class='ocrx_word' id='word_1_195' title='bbox 911 3311 998 3357; x_wconf 86' lang='lat' dir='ltr'><strong>ea</strong></span> <span class='ocrx_word' id='word_1_196' title='bbox 1033 3311 1334 3377; x_wconf 89' lang='lat' dir='ltr'><strong>unquam</strong></span> <span class='ocrx_word' id='word_1_197' title='bbox 1363 3293 1639 3359; x_wconf 86' lang='lat' dir='ltr'><strong>laudem</strong></span> <span class='ocrx_word' id='word_1_198' title='bbox 1669 3294 1969 3375; x_wconf 88' lang='lat' dir='ltr'><strong>affectat,</strong></span> <span class='ocrx_word' id='word_1_199' title='bbox 2008 3295 2129 3361; x_wconf 86' lang='lat' dir='ltr'><strong>sed</strong></span> <span class='ocrx_word' id='word_1_200' title='bbox 2166 3299 2477 3361; x_wconf 87' lang='lat' dir='ltr'><strong>veterum</strong></span> <span class='ocrx_word' id='word_1_201' title='bbox 2507 3301 2747 3362; x_wconf 88' lang='lat' dir='ltr'><strong>contra</strong></span> <span class='ocrx_word' id='word_1_202' title='bbox 2765 3297 3176 3364; x_wconf 78' lang='lat' dir='ltr'><strong>auctoritate</strong></span> 
     </span>
     <span class='ocr_line' id='line_1_26' title="bbox 910 3403 3180 3494; baseline 0.002 -24"><span class='ocrx_word' id='word_1_203' title='bbox 910 3423 985 3470; x_wconf 88' lang='lat' dir='ltr'><strong>se</strong></span> <span class='ocrx_word' id='word_1_204' title='bbox 1025 3424 1299 3490; x_wconf 87' lang='lat' dir='ltr'><strong>semper</strong></span> <span class='ocrx_word' id='word_1_205' title='bbox 1346 3410 1594 3472; x_wconf 87' lang='lat' dir='ltr'><strong>tuetur.</strong></span> <span class='ocrx_word' id='word_1_206' title='bbox 1649 3406 1978 3488; x_wconf 79' lang='lat' dir='ltr'><strong>Bellaiu8‚</strong></span> <span class='ocrx_word' id='word_1_207' title='bbox 2031 3407 2146 3491; x_wconf 92' lang='lat' dir='ltr'><strong>qui</strong></span> <span class='ocrx_word' id='word_1_208' title='bbox 2193 3409 2456 3493; x_wconf 85' lang='lat' dir='ltr'><strong>primus</strong></span> <span class='ocrx_word' id='word_1_209' title='bbox 2497 3410 2693 3493; x_wconf 88' lang='lat' dir='ltr'><strong>quasi</strong></span> <span class='ocrx_word' id='word_1_210' title='bbox 2743 3403 3021 3494; x_wconf 82' lang='lat' dir='ltr'><strong>signum</strong></span> <span class='ocrx_word' id='word_1_211' title='bbox 3051 3409 3180 3475; x_wconf 90' lang='lat' dir='ltr'><strong>ali—</strong></span> 
     </span>
     <span class='ocr_line' id='line_1_27' title="bbox 912 3519 3177 3606; baseline 0.002 -23"><span class='ocrx_word' id='word_1_212' title='bbox 912 3519 1093 3601; x_wconf 88' lang='lat' dir='ltr'><strong>quod</strong></span> <span class='ocrx_word' id='word_1_213' title='bbox 1126 3519 1402 3584; x_wconf 84' lang='lat' dir='ltr'><strong>sustulit</strong></span> <span class='ocrx_word' id='word_1_214' title='bbox 1436 3519 1522 3585; x_wconf 86' lang='lat' dir='ltr'><strong>ad</strong></span> <span class='ocrx_word' id='word_1_215' title='bbox 1558 3519 2042 3586; x_wconf 85' lang='lat' dir='ltr'><strong>illustrandam</strong></span> <span class='ocrx_word' id='word_1_216' title='bbox 2074 3520 2320 3586; x_wconf 80' lang='lat' dir='ltr'><strong>Galliae</strong></span> <span class='ocrx_word' id='word_1_217' title='bbox 2360 3522 2648 3606; x_wconf 83' lang='lat' dir='ltr'><strong>poesim,</strong></span> <span class='ocrx_word' id='word_1_218' title='bbox 2699 3527 2892 3589; x_wconf 89' lang='lat' dir='ltr'><strong>vates</strong></span> <span class='ocrx_word' id='word_1_219' title='bbox 2945 3523 3177 3588; x_wconf 85' lang='lat' dir='ltr'><strong>horta-</strong></span> 
     </span>
     <span class='ocr_line' id='line_1_28' title="bbox 911 3634 3174 3721; baseline 0.001 -23"><span class='ocrx_word' id='word_1_220' title='bbox 911 3637 1024 3698; x_wconf 87' lang='lat' dir='ltr'><strong>tur</strong></span> <span class='ocrx_word' id='word_1_221' title='bbox 1074 3636 1148 3699; x_wconf 90' lang='lat' dir='ltr'><strong>ut</strong></span> <span class='ocrx_word' id='word_1_222' title='bbox 1198 3634 1597 3700; x_wconf 87' lang='lat' dir='ltr'><strong>Latinorum</strong></span> <span class='ocrx_word' id='word_1_223' title='bbox 1668 3637 2208 3719; x_wconf 80' lang='lat' dir='ltr'><strong>Graecorumque</strong></span> <span class='ocrx_word' id='word_1_224' title='bbox 2252 3636 2493 3721; x_wconf 88' lang='lat' dir='ltr'><strong>spoliis</strong></span> <span class='ocrx_word' id='word_1_225' title='bbox 2550 3637 2964 3702; x_wconf 85' lang='lat' dir='ltr'><strong>domesticas</strong></span> <span class='ocrx_word' id='word_1_226' title='bbox 3010 3655 3174 3720; x_wconf 86' lang='lat' dir='ltr'><strong>opes</strong></span> 
     </span>
     <span class='ocr_line' id='line_1_29' title="bbox 913 3749 3174 3840; baseline 0.001 -28"><span class='ocrx_word' id='word_1_227' title='bbox 913 3753 1241 3831; x_wconf 75' lang='lat' dir='ltr'><strong>augeant,</strong></span> <span class='ocrx_word' id='word_1_228' title='bbox 1297 3753 1389 3828; x_wconf 87' lang='lat' dir='ltr'><strong>et,</strong></span> <span class='ocrx_word' id='word_1_229' title='bbox 1445 3751 1788 3833; x_wconf 87' lang='lat' dir='ltr'><strong>majorum</strong></span> <span class='ocrx_word' id='word_1_230' title='bbox 1835 3749 2230 3834; x_wconf 81' lang='lat' dir='ltr'><strong>exemplum</strong></span> <span class='ocrx_word' id='word_1_231' title='bbox 2278 3751 2521 3831; x_wconf 86' lang='lat' dir='ltr'><strong>secuti,</strong></span> <span class='ocrx_word' id='word_1_232' title='bbox 2569 3750 2885 3840; x_wconf 86' lang='lat' dir='ltr'><strong>Capitolii</strong></span> <span class='ocrx_word' id='word_1_233' title='bbox 2941 3769 3174 3816; x_wconf 87' lang='lat' dir='ltr'><strong>muros</strong></span> 
     </span>
     <span class='ocr_line' id='line_1_30' title="bbox 913 3862 3176 3949; baseline 0 -22"><span class='ocrx_word' id='word_1_234' title='bbox 913 3866 1198 3927; x_wconf 84' lang='lat' dir='ltr'><strong>tentent.</strong></span> <span class='ocrx_word' id='word_1_235' title='bbox 1241 3862 1580 3946; x_wconf 88' lang='lat' dir='ltr'><strong>Quidquid</strong></span> <span class='ocrx_word' id='word_1_236' title='bbox 1617 3865 1778 3928; x_wconf 86' lang='lat' dir='ltr'><strong>novi</strong></span> <span class='ocrx_word' id='word_1_237' title='bbox 1816 3862 1890 3927; x_wconf 90' lang='lat' dir='ltr'><strong>in</strong></span> <span class='ocrx_word' id='word_1_238' title='bbox 1934 3866 2242 3930; x_wconf 86' lang='lat' dir='ltr'><strong>nostram</strong></span> <span class='ocrx_word' id='word_1_239' title='bbox 2293 3864 2559 3949; x_wconf 87' lang='lat' dir='ltr'><strong>poesim</strong></span> <span class='ocrx_word' id='word_1_240' title='bbox 2589 3864 2843 3931; x_wconf 82' lang='lat' dir='ltr'><strong>inferre</strong></span> <span class='ocrx_word' id='word_1_241' title='bbox 2877 3866 3176 3930; x_wconf 82' lang='lat' dir='ltr'><strong>Ronsar-</strong></span> 
     </span>
     <span class='ocr_line' id='line_1_31' title="bbox 914 3976 3176 4064; baseline 0.001 -24"><span class='ocrx_word' id='word_1_242' title='bbox 914 3977 1043 4040; x_wconf 75' lang='lat' dir='ltr'><strong>(lus</strong></span> <span class='ocrx_word' id='word_1_243' title='bbox 1104 3978 1387 4060; x_wconf 86' lang='lat' dir='ltr'><strong>ejusque</strong></span> <span class='ocrx_word' id='word_1_244' title='bbox 1445 3976 1651 4043; x_wconf 89' lang='lat' dir='ltr'><strong>amici</strong></span> <span class='ocrx_word' id='word_1_245' title='bbox 1708 3980 2069 4060; x_wconf 86' lang='lat' dir='ltr'><strong>conantur,</strong></span> <span class='ocrx_word' id='word_1_246' title='bbox 2149 3981 2460 4044; x_wconf 83' lang='lat' dir='ltr'><strong>veterum</strong></span> <span class='ocrx_word' id='word_1_247' title='bbox 2518 3978 2836 4064; x_wconf 82' lang='lat' dir='ltr'><strong>exemplo</strong></span> <span class='ocrx_word' id='word_1_248' title='bbox 2904 3995 3176 4063; x_wconf 85' lang='lat' dir='ltr'><strong>semper</strong></span> 
     </span>
     <span class='ocr_line' id='line_1_32' title="bbox 915 4091 3178 4182; baseline 0.001 -26"><span class='ocrx_word' id='word_1_249' title='bbox 915 4093 1423 4157; x_wconf 86' lang='lat' dir='ltr'><strong>commendant.</strong></span> <span class='ocrx_word' id='word_1_250' title='bbox 1463 4091 1874 4158; x_wconf 86' lang='lat' dir='ltr'><strong>Valkelinus</strong></span> <span class='ocrx_word' id='word_1_251' title='bbox 1905 4091 2080 4177; x_wconf 88' lang='lat' dir='ltr'><strong>ipse,</strong></span> <span class='ocrx_word' id='word_1_252' title='bbox 2119 4092 2343 4182; x_wconf 90' lang='lat' dir='ltr'><strong>primo</strong></span> <span class='ocrx_word' id='word_1_253' title='bbox 2375 4094 2711 4179; x_wconf 88' lang='lat' dir='ltr'><strong>poematis</strong></span> <span class='ocrx_word' id='word_1_254' title='bbox 2742 4092 2963 4175; x_wconf 87' lang='lat' dir='ltr'><strong>initi0,</strong></span> <span class='ocrx_word' id='word_1_255' title='bbox 2997 4092 3178 4159; x_wconf 86' lang='lat' dir='ltr'><strong>Aris-</strong></span> 
     </span>
     <span class='ocr_line' id='line_1_33' title="bbox 916 4205 3179 4292; baseline -0 -20"><span class='ocrx_word' id='word_1_256' title='bbox 916 4205 1145 4272; x_wconf 83' lang='lat' dir='ltr'><strong>totelis</strong></span> <span class='ocrx_word' id='word_1_257' title='bbox 1182 4206 1543 4290; x_wconf 82' lang='lat' dir='ltr'><strong>Flaccique</strong></span> <span class='ocrx_word' id='word_1_258' title='bbox 1576 4207 1986 4273; x_wconf 86' lang='lat' dir='ltr'><strong>auctoritate</strong></span> <span class='ocrx_word' id='word_1_259' title='bbox 2031 4206 2295 4288; x_wconf 85' lang='lat' dir='ltr'><strong>nititur,</strong></span> <span class='ocrx_word' id='word_1_260' title='bbox 2346 4207 2546 4274; x_wconf 85' lang='lat' dir='ltr'><strong>Vidae</strong></span> <span class='ocrx_word' id='word_1_261' title='bbox 2594 4226 2865 4292; x_wconf 89' lang='lat' dir='ltr'><strong>quoque</strong></span> <span class='ocrx_word' id='word_1_262' title='bbox 2901 4211 2972 4273; x_wconf 87' lang='lat' dir='ltr'><strong>et</strong></span> <span class='ocrx_word' id='word_1_263' title='bbox 3005 4206 3179 4272; x_wconf 89' lang='lat' dir='ltr'><strong>Min-</strong></span> 
     </span>
     <span class='ocr_line' id='line_1_34' title="bbox 915 4320 3169 4422; baseline 0.001 -38"><span class='ocrx_word' id='word_1_264' title='bbox 915 4320 1125 4400; x_wconf 81' lang='lat' dir='ltr'><strong>turni‚</strong></span> <span class='ocrx_word' id='word_1_265' title='bbox 1160 4338 1453 4403; x_wconf 82' lang='lat' dir='ltr'><strong>quorum</strong></span> <span class='ocrx_word' id='word_1_266' title='bbox 1484 4321 1685 4386; x_wconf 83' lang='lat' dir='ltr'><strong>Artes</strong></span> <span class='ocrx_word' id='word_1_267' title='bbox 1706 4320 1997 4406; x_wconf 83' lang='lat' dir='ltr'><strong>poeticae</strong></span> <span class='ocrx_word' id='word_1_268' title='bbox 2018 4322 2105 4387; x_wconf 90' lang='lat' dir='ltr'><strong>ad</strong></span> <span class='ocrx_word' id='word_1_269' title='bbox 2136 4324 2536 4422; x_wconf 68' lang='lat' dir='ltr'><strong>Graecorum</strong></span> <span class='ocrx_word' id='word_1_270' title='bbox 2565 4323 3169 4407; x_wconf 80' lang='lat' dir='ltr'><strong>Romanorumque</strong></span> 
     </span>
     <span class='ocr_line' id='line_1_35' title="bbox 917 4430 2310 4521; baseline 0.003 -23"><span class='ocrx_word' id='word_1_271' title='bbox 917 4438 1153 4499; x_wconf 88' lang='lat' dir='ltr'><strong>vatum</strong></span> <span class='ocrx_word' id='word_1_272' title='bbox 1189 4430 1544 4519; x_wconf 83' lang='lat' dir='ltr'><strong>exemplar</strong></span> <span class='ocrx_word' id='word_1_273' title='bbox 1579 4435 1852 4501; x_wconf 84' lang='lat' dir='ltr'><strong>fuerant</strong></span> <span class='ocrx_word' id='word_1_274' title='bbox 1885 4436 2310 4521; x_wconf 74' lang='lat' dir='ltr'><strong>compositae.</strong></span> 
     </span>
    </p>
   </div>
   <div class='ocr_carea' id='block_1_8' title="bbox 920 4586 1261 4598">
    <p class='ocr_par' dir='ltr' id='par_1_8' title="bbox 920 4586 1261 4598">
     <span class='ocr_line' id='line_1_36' title="bbox 920 4586 1261 4598; baseline 0 1131"><span class='ocrx_word' id='word_1_275' title='bbox 920 4586 1261 4598; x_wconf 95' lang='lat' dir='ltr'><strong> </strong></span> 
     </span>
    </p>
   </div>
   <div class='ocr_carea' id='block_1_9' title="bbox 884 4677 1479 4734">
    <p class='ocr_par' dir='ltr' id='par_1_9' title="bbox 884 4677 1479 4734">
     <span class='ocr_line' id='line_1_37' title="bbox 884 4677 1479 4734; baseline 0.002 -11"><span class='ocrx_word' id='word_1_276' title='bbox 884 4689 897 4703; x_wconf 90' lang='lat'><strong>·</strong></span> <span class='ocrx_word' id='word_1_277' title='bbox 971 4677 1033 4732; x_wconf 83' lang='lat'><strong>(1)</strong></span> <span class='ocrx_word' id='word_1_278' title='bbox 1061 4678 1220 4734; x_wconf 82' lang='lat' dir='ltr'><strong>Caput</strong></span> <span class='ocrx_word' id='word_1_279' title='bbox 1239 4678 1479 4734; x_wconf 89' lang='lat' dir='ltr'><strong>quintum.</strong></span> 
     </span>
    </p>
   </div>
   <div class='ocr_carea' id='block_1_10' title="bbox 3552 741 3555 1271">
    <p class='ocr_par' dir='ltr' id='par_1_10' title="bbox 3552 741 3555 1271">
     <span class='ocr_line' id='line_1_38' title="bbox 3552 741 3555 1271; baseline 0 0"><span class='ocrx_word' id='word_1_280' title='bbox 3552 741 3555 1271; x_wconf 95' lang='lat' dir='ltr'><strong> </strong></span> 
     </span>
    </p>
   </div>
   <div class='ocr_carea' id='block_1_11' title="bbox 3554 1408 3559 2419">
    <p class='ocr_par' dir='ltr' id='par_1_11' title="bbox 3554 1408 3559 2419">
     <span class='ocr_line' id='line_1_39' title="bbox 3554 1408 3559 2419; baseline 0 0"><span class='ocrx_word' id='word_1_281' title='bbox 3554 1408 3559 2419; x_wconf 95' lang='lat' dir='ltr'><strong> </strong></span> 
     </span>
    </p>
   </div>
   <div class='ocr_carea' id='block_1_12' title="bbox 3558 2877 3561 3380">
    <p class='ocr_par' dir='ltr' id='par_1_12' title="bbox 3558 2877 3561 3380">
     <span class='ocr_line' id='line_1_40' title="bbox 3558 2877 3561 3380; baseline 0 0"><span class='ocrx_word' id='word_1_282' title='bbox 3558 2877 3561 3380; x_wconf 95' lang='lat' dir='ltr'><strong> </strong></span> 
     </span>
    </p>
   </div>
  </div>
 </body>
</html>
