3561 5729
1853 627 2174 688 -15-

973 776 1217 840 Totum
1250 773 1575 840 volumen
1610 772 1692 860 (1)
1727 773 1800 838 in
1830 772 2002 839 duas
2037 774 2267 858 partes
2298 775 2402 840 est
2437 774 2878 842 distributum
2910 792 2925 843 ε
2961 776 3146 861 prio-

885 905 1059 968 rem,
1116 905 1270 971 quae
1325 886 1410 952 de
1459 885 1763 951 oratoria
1828 887 1976 951 arte
2033 885 2333 968 disserit,
2397 905 2440 951 a
2501 888 2854 972 proposito
2911 891 3147 955 nostro

885 1002 1210 1084 alienam,
1292 1002 1567 1069 silentio
1644 1002 2287 1091 praetermittemus3
2347 1004 2688 1088 posterior
2742 1022 2934 1088 vero,
2991 1022 3147 1089 quae

886 1120 1019 1184 Ars
1067 1118 1338 1204 poetica
1388 1117 1720 1202 inscripta
1766 1119 1895 1199 est,
1942 1117 2433 1205 perpendenda
2481 1118 2680 1185 nobis
2730 1121 2935 1202 atque
2993 1119 3150 1184 dili-

884 1233 1132 1315 genter
1180 1231 1613 1309 excutienda.
1668 1233 1745 1296 In
1786 1229 1921 1296 hac
1962 1232 2196 1296 tamen
2242 1231 2439 1297 multi
2487 1235 2647 1298 sunt
2687 1231 2846 1314 loci,
2894 1232 3012 1316 qui
3060 1233 3146 1298 ad

887 1347 1153 1433 poesim
1187 1347 1410 1433 ipsam
1451 1365 1591 1414 non
1622 1345 2004 1435 pertinent3
2046 1345 2184 1412 illis
2218 1346 2403 1411 enim
2436 1346 2862 1431 temporibus
2891 1346 3150 1413 Rheto-

883 1460 1026 1526 rice
1092 1462 1159 1526 et
1223 1460 1691 1527 Grammatica
1750 1478 1908 1525 cum
1960 1458 2154 1548 poesi
2210 1462 2351 1525 tam
2409 1459 2578 1525 artis
2642 1459 2938 1526 vinculis
2990 1462 3148 1528 sunt

885 1578 1313 1660 conjunctae,
1393 1579 1468 1643 ut
1535 1577 1738 1660 poeta
1804 1574 2100 1641 oratoris
2160 1591 2414 1654 nomen
2483 1573 2740 1660 saepius
2805 1575 3142 1660 accipiat,

884 1690 1322 1773 grammatici
1371 1708 1538 1755 vero
1582 1691 1813 1774 partes
1866 1689 2271 1773 plerumque
2322 1692 2632 1773 occupet.
2686 1689 2872 1755 Nihil
2932 1690 3145 1773 igitur

884 1803 1161 1883 mimm,
1200 1804 1379 1888 quod
1414 1804 1659 1884 Faber,
1705 1802 2114 1868 Int'ortunati
2153 1802 2498 1887 exemplo,
2546 1800 2956 1891 tautoloqioe,
2999 1821 3146 1870 am-

880 1914 1298 2005 phiboloqioe,
1348 1934 1677 2005 syncopae,
1722 1933 2044 2004 apocopae,
2085 1913 2476 1998 soloecism0‚
2522 1915 2939 2005 plemmamO,
2980 1921 3140 2001 etc„

884 2049 1210 2115 magnam
1241 2030 1470 2115 operis
1492 2034 1757 2118 partem
1787 2030 2162 2115 impendat.
2194 2032 2272 2096 In
2296 2031 2382 2097 iis
2407 2035 2663 2115 autem,
2693 2051 3144 2121 quaecumque

882 2147 971 2213 ad
1014 2147 1355 2236 poeticam
1397 2149 1618 2212 artem
1651 2165 1816 2213 vere
1856 2149 2192 2231 spectant,
2239 2165 2519 2213 versum
2554 2148 2817 2229 definit,
2866 2166 3143 2233 poema-

881 2260 1065 2327 tibus
1098 2260 1171 2326 in
1213 2259 1587 2343 aequalium
1636 2263 1871 2326 vatum
1909 2260 2406 2327 consuetudine
2460 2261 2701 2349 positis
2735 2260 2932 2345 leges
2974 2261 3147 2328 assi-

881 2377 1076 2458 gnat,
1113 2375 1344 2439 varias
1381 2373 1675 2457 denique
1709 2371 2193 2461 rhythmorum
2222 2375 2369 2440 sive
2399 2375 2668 2463 species
2697 2374 2845 2441 sive
2880 2377 3142 2459 figuras

882 2490 1105 2555 docet.

969 2617 1266 2683 Versum
1300 2616 1522 2702 primo
1558 2616 1910 2697 describit,
1945 2617 2013 2682 et
2047 2615 2210 2700 quid
2241 2616 2421 2682 inter
2453 2616 2912 2682 masculinum
2945 2616 3143 2682 femi-

880 2730 1257 2815 ninumque
1285 2727 1687 2817 rhythmum
1725 2730 2021 2809 intersit,
2068 2729 2307 2814 paucis
2339 2731 2570 2796 verbis
2600 2729 2957 2815 explanat;
2996 2737 3144 2796 tum

881 2862 1170 2912 caesurae
1214 2844 1408 2928 leges
1450 2843 1660 2909 tradit
1698 2858 1714 2909 ε
1764 2842 1989 2910 omnis
2035 2860 2302 2924 versuS,
2356 2860 2490 2927 quo
2544 2843 2816 2928 planius
2862 2843 3143 2928 elegan-

883 2957 1155 3041 tiusque
1217 2956 1647 3046 pronuntiari
1714 2957 1978 3042 possit,
2056 2958 2387 3040 tanquam
2447 2955 2788 3023 incisione
2845 2957 3141 3041 quadam

878 3070 1223 3136 notandus
1267 3073 1396 3148 est,
1443 3070 1514 3136 in
1549 3089 1685 3153 qua
1722 3071 2113 3155 requiescat
2155 3071 2214 3136 is
2257 3070 2375 3154 qui
2413 3069 2608 3154 legit,
2652 3070 2886 3154 aliqua
2932 3071 3145 3137 inter-

881 3185 1107 3271 posita
1133 3184 1495 3250 sententiae
1526 3202 1753 3268 mora3
1807 3184 1988 3268 quod
2021 3183 2298 3268 quidem
2325 3184 3142 3251 carminibusnumerum

882 3297 1074 3363 addit
1105 3297 1215 3385 (2).
1250 3299 1417 3364 Haec
1456 3316 1725 3364 caesura
1756 3297 1828 3363 in
1865 3297 2229 3381 cujuslibet
2258 3297 2450 3363 verbi
2486 3299 2719 3379 finem,
2772 3300 2996 3382 poetae
3030 3315 3143 3363 ar-

884 3410 1117 3494 bitrio,
1151 3411 1424 3497 incidit3
1451 3412 1571 3477 sed
1598 3411 1670 3477 in
1694 3408 1921 3499 reqali
1939 3428 2168 3499 campo
2193 3411 2352 3476 etin
2375 3411 2508 3476 hoc
2529 3411 2854 3476 carminis
2879 3428 3137 3495 genere

882 3524 1064 3607 quod
1097 3522 1609 3591 servantasium
1639 3524 1916 3606 dicitur,
1951 3527 2268 3620 quartam
2288 3524 2653 3609 syllabam,
2679 3541 2836 3609 quae
2861 3524 3139 3609 quidem

883 3638 1266 3704 masculina
1316 3638 1403 3704 sit
1449 3640 1742 3727 oportet,
1800 3657 2075 3724 semper
2128 3639 2315 3704 notet
2363 3656 2632 3704 caesura
2673 3640 3142 3705 necessarium

882 3755 1007 3819 est.
1065 3752 1258 3818 Illius
1306 3756 1538 3817 autem
1588 3770 1857 3833 versuS,
1910 3752 2025 3836 qui
2085 3751 2449 3818 duodecim
2505 3751 2790 3836 syllabis
2847 3754 3135 3833 constat,

880 3865 1145 3932 nullam
1199 3865 1268 3930 in
1312 3865 1520 3930 aliam
1573 3866 1914 3950 syllabam
1958 3868 2211 3949 praeter
2249 3868 2515 3931 sextam
2563 3884 2831 3932 caesura
2872 3864 3134 3931 incidit.

884 4287 887 4292 -
933 4255 996 4312 (1)
1017 4257 1168 4302 Graue
1199 4263 1240 4301 et
1274 4269 1391 4312 vray
1419 4263 1497 4300 art
1525 4257 1582 4300 do
1611 4256 1767 4311 plaiae
1795 4255 2065 4309 amorique
2090 4252 2301 4311 compile
2342 4257 2392 4298 et
2419 4253 2653 4310 composa
2687 4266 2776 4310 par
2812 4255 2914 4298 tres
2950 4254 3140 4309 expert,

882 4324 1212 4445 ῗξέἰῖιὲίίἰέυῗδ
1210 4327 1283 4442 2elt)
1299 4335 1423 4378 vray
1457 4326 1653 4368 orateur
1682 4324 1846 4367 Pierre
1876 4323 2038 4377 Fabri,
2071 4335 2134 4367 en
2167 4334 2258 4366 son
2283 4323 2456 4366 vivant
2493 4320 2608 4366 cure
2644 4322 2706 4365 de
2732 4320 2902 4376 merny
2930 4322 3139 4376 (Rouen,

932 4479 994 4534 (2)
1012 4495 1037 4519 α
1057 4479 1212 4523 'route
1233 4480 1365 4534 ligne
1391 4480 1451 4524 de
1470 4480 1720 4536 plusieurs
1742 4479 1982 4534 syllabas,
2007 4491 2130 4536 pour
2155 4480 2203 4523 la
2223 4488 2500 4534 pronuncer
2518 4476 2632 4533 plus
2652 4477 3072 4522 entendiblement
3090 4479 3140 4521 et

880 4545 995 4601 plus
1015 4545 1358 4601 elegamment,
1376 4551 1543 4603 portet
1562 4548 1699 4592 doibt
1726 4547 1787 4590 de
1818 4557 1909 4602 soy
1939 4557 2158 4590 mesmes
2185 4555 2282 4588 une
2304 4544 2518 4588 incision
2547 4554 2610 4586 ou
2640 4554 2847 4600 couppe‚
2877 4556 2905 4588 a
2925 4544 3138 4599 laquelle

882 4612 928 4657 le
947 4612 1116 4668 lysant
1134 4626 1189 4658 se
1209 4615 1345 4670 peult
1364 4617 1413 4658 et
1433 4615 1572 4659 doibt
1589 4615 1864 4659 licitemcnt
1882 4625 2085 4671 reposer
2104 4624 2295 4658 comme
2315 4611 2454 4668 point
2473 4622 2538 4655 ou
2556 4609 2624 4655 fin
2638 4611 2699 4655 de
2720 4613 2971 4665 sentence,
2992 4613 3042 4655 et
3060 4612 3139 4654 est

881 4691 938 4724 ce
962 4680 1044 4736 qui
1063 4681 1151 4725 fait
1168 4680 1217 4725 la
1234 4681 1412 4725 rithmo
1432 4681 1545 4737 plus
1565 4680 1895 4727 armonieuse.
1916 4695 1941 4719 n
