3561 5729
1348 601 1672 662 -53-

370 749 582 834 tinet3
653 746 999 813 secundus
1088 746 1560 815 ducentesimo
1626 745 2053 830 octogesimo
2116 745 2378 813 Latinae
2442 747 2631 813 Artis

372 863 683 932 carmine
723 861 1173 946 terminatur;
1239 861 1485 927 tertius
1520 861 1817 945 denique
1856 861 2125 946 reliqua
2176 860 2410 927 omnia
2453 880 2643 928 com·-

372 975 764 1062 prehendit.
822 974 1065 1058 Itaque
1118 973 1297 1040 Galli
1370 976 1593 1062 poetae
1650 991 1824 1058 opus
1877 972 2048 1039 nihil
2105 973 2293 1040 aliud
2331 975 2458 1054 est,
2505 974 2637 1040 nisi

374 1089 697 1176 epistulae
754 1088 842 1155 ad
913 1088 1202 1153 Pisones
1283 1087 1761 1173 interpretatio
1828 1086 2084 1171 aliqua,
2172 1087 2282 1154 cui
2362 1088 2642 1172 quidem

373 1205 693 1288 consilia,
755 1204 1103 1289 exempla,
1186 1202 1622 1284 documenta,
1688 1202 1775 1268 ad
1843 1220 2182 1269 novorum
2250 1205 2643 1287 temporum

375 1318 817 1386 occasionem
878 1315 1492 1400 condicionemque
1553 1315 2099 1398 accommodata,
2155 1315 2470 1401 quotiens
2516 1315 2645 1382 sub

376 1431 722 1500 calamum
785 1431 1010 1497 obiter
1083 1429 1393 1510 veniunt,
1462 1428 1874 1495 Valkelinus
1938 1428 2227 1511 addidit,
2302 1447 2647 1513 quamque

375 1545 840 1613 Aristotelicae
896 1544 1110 1626 Artis,
1151 1543 1497 1609 decimum
1545 1544 1697 1627 jam
1741 1562 2004 1610 annum
2047 1542 2118 1609 in
2161 1543 2388 1610 Gallia
2431 1545 2643 1626 notae,

376 1658 879 1745 philosophicis
926 1656 1340 1744 quibusdam
1392 1654 1858 1724 fundamentis
1896 1657 2265 1741 magnifice
2301 1657 2642 1724 instravit.

465 1772 876 1839 Aristoteles
916 1771 1127 1854 enim,
1168 1772 1365 1854 cujus
1398 1772 1800 1854 auctoritaS,
1845 1771 1902 1837 si
1946 1771 2034 1837 ad
2069 1789 2413 1839 summam
2442 1770 2649 1837 intel-

377 1868 659 1975 legendi
715 1888 1153 1974 disciplinam
1197 1887 1560 1973 respicias,
1607 1887 2004 1973 nuperrime
2035 1887 2298 1972 impelli
2339 1905 2420 1953 ac
2457 1886 2650 1954 labe·

380 2004 622 2072 factari
681 2006 912 2089 coepta
981 2007 1155 2085 erat,
1214 2004 1363 2087 Jam
1417 2002 1599 2069 intra
1666 2002 1899 2088 poesis
1954 2002 2151 2086 quasi
2216 2001 2645 2069 domicilium
2698 2004 2714 2015 ”

383 2116 609 2201 magis
643 2116 717 2182 in
758 2115 908 2182 dies
961 2115 1143 2183 hanc
1196 2114 1506 2182 omnium
1539 2134 1773 2182 rerum
1823 2115 2365 2182 dominationem
2401 2133 2648 2182 conse-

379 2232 746 2317 quebatur,
780 2249 937 2315 quae
972 2249 1096 2320 per
1131 2231 1267 2297 duo
1312 2230 1572 2298 saecula
1620 2229 1887 2316 poesim
1933 2233 2241 2297 nostram
2273 2230 2641 2320 oppressit.

378 2345 657 2411 Primus
690 2344 1003 2428 Scaliger
1041 2345 1190 2427 ejus
1240 2346 1400 2410 Arte
1456 2344 1725 2433 poetica
1777 2362 1852 2411 se
1882 2344 2030 2430 ipse
2068 2345 2282 2411 tuitus
2313 2348 2463 2411 erat
2499 2363 2514 2414 ε
2560 2364 2648 2411 ex

377 2458 625 2524 eadem
674 2475 862 2542 saepe
910 2457 1322 2523 Valkelinus
1380 2459 1732 2546 praecepta
1789 2460 1858 2523 et
1914 2458 2326 2524 documenta
2387 2458 2647 2542 hausit,

378 2574 698 2657 quaejam
734 2572 1250 2639 recensebimus
1279 2591 1361 2638 ac
1394 2572 1925 2657 perpendemus.
2513 2648 2528 2663 ,

466 2684 756 2750 Flaccus
791 2683 1069 2767 quidem
1104 2683 1326 2772 poetis
1368 2683 1629 2750 dudum
1671 2703 1886 2770 prope
1920 2685 2165 2752 unicus
2196 2685 2336 2751 dux
2371 2686 2652 2753 habitus

377 2801 561 2885 erat3
614 2798 736 2864 sed
782 2798 1079 2884 epistula
1129 2799 1217 2864 ad
1275 2799 1564 2867 Pisones
1612 2817 1752 2868 non
1806 2818 1932 2886 pro
1963 2801 2154 2885 justa
2195 2800 2653 2887 legitimaque

379 2916 549 2980 Arte
598 2913 900 2998 judicari
954 2916 1215 2999 potest:
1278 2914 1545 2981 ratione
1598 2914 1784 2982 enim
1844 2933 1928 2981 ac
1984 2916 2098 2982 via
2147 2934 2287 2982 non
2344 2916 2654 3001 procedit

379 3028 757 3111 Horatius;
814 3028 1177 3102 familiaris
1247 3030 1604 3113 cujusdam
1689 3030 2032 3097 sermonis
2101 3030 2500 3098 facilitatem
2570 3050 2654 3098 ac

378 3141 733 3208 licentiam
770 3160 917 3227 prae
951 3159 1026 3208 se
1067 3142 1220 3208 sert.
1270 3142 1441 3209 Cum
1483 3142 1696 3227 igitur
1743 3143 1921 3209 sexti
1965 3143 2211 3210 decimi
2266 3145 2504 3211 saeculi
2543 3165 2652 3212 re-

377 3257 805 3324 centioribus
831 3257 1052 3346 poetis
1080 3259 1228 3325 tum
1254 3277 1585 3344 expressa
1607 3258 1843 3344 aliqua
1871 3261 2304 3337 auctoritate,
2324 3262 2470 3327 tum
2497 3281 2647 3328 cer·-

383 3372 475 3438 tis
504 3371 918 3456 quibusdam
945 3371 1333 3453 elementiS,
1368 3391 1456 3438 ex
1485 3370 1927 3460 philosophia
1946 3372 2207 3455 tractis,
2229 3392 2401 3463 opus
2437 3379 2644 3457 esset,

379 3483 632 3568 quibus
661 3482 1098 3563 nitterentur‚
1139 3483 1486 3549 communi
1539 3483 1819 3550 demum
1862 3501 2201 3551 consensu
2260 3486 2346 3551 ad
2377 3487 2645 3553 Aristo-

373 3595 591 3661 telem
648 3595 1138 3679 consugerunt,
1194 3613 1237 3661 a
1288 3614 1423 3681 quo
1472 3596 1620 3662 solo
1687 3596 2177 3680 gravissimam
2245 3598 2503 3686 pariter
2567 3618 2651 3665 ac

374 3708 842 3775 certissimam
873 3708 1309 3793 disciplinam
1339 3712 1575 3795 petere
1609 3713 1951 3796 poterant.
1987 3713 2230 3794 Imm0‚
2269 3729 2427 3797 quae
2465 3713 2650 3797 apud

374 3824 702 3889 Graecum
742 3822 1234 3908 philosophum
1264 3842 1388 3908 pro
1434 3824 1620 3890 vitiis
1670 3843 1799 3892 nos
1839 3826 2202 3909 habemus,
2239 3844 2325 3893 ea
2376 3826 2528 3911 ipsa
2561 3826 2649 3892 ad

375 3935 661 4002 illorum
742 3936 1109 4003 utilitatem
1182 3938 1439 4027 optime
1499 3940 2241 4007 accommodabantur:
2317 3940 2649 4025 quidquid

375 4049 569 4116 enim
626 4049 698 4116 in
751 4051 945 4136 poesi
994 4050 1083 4116 ad
1136 4051 1577 4135 excogitandi
1641 4053 2120 4138 sentiendique
2160 4054 2299 4120 vim
2357 4053 2655 4140 pertinet

373 4163 750 4231 artissimis
788 4165 1063 4248 legibus
1112 4164 1521 4232 Aristoteles
1566 4165 2134 4232 circumscribere
2186 4166 2387 4249 solet,
2419 4157 2655 4250 ‘cujus

374 4285 660 4347 austera
706 4280 909 4361 ratio,
960 4280 1170 4346 nullis
1209 4282 1773 4364 temperamentis
1827 4282 2167 4366 mitigata,
2207 4281 2378 4348 nihil
2427 4282 2656 4347 incer-

374 4396 528 4460 tum
582 4392 1195 4475 inordinatumque
1246 4411 1536 4476 usquam
1594 4394 1988 4478 relinquere
2054 4397 2364 4461 conatur.
2416 4396 2655 4478 Itaque

378 4507 533 4591 ejus
582 4508 715 4573 Ars
763 4506 1038 4592 poetica
1088 4509 1413 4591 tanquam
1470 4507 1689 4573 codex
1738 4509 1973 4575 nescio
2026 4509 2179 4593 quis
2233 4508 2425 4575 brevi
2472 4508 2655 4575 sacta

379 4623 489 4687 est
517 4623 587 4686 et
614 4621 1070 4687 formularum
1104 4622 1341 4689 tabula
1377 4622 1723 4707 quaedam,
1757 4624 2007 4707 quibus
2038 4624 2306 4692 inclusa
2333 4626 2439 4692 est
2483 4641 2655 4710 poe-
