3561 5729
1356 645 1670 703 —39-

390 806 436 853 a
481 786 763 853 Sibileto
819 803 945 870 pro
1001 784 1264 851 sollerti
1311 784 1609 868 quodam
1660 784 1955 851 artificio
2001 784 2319 869 lusuque,
2369 786 2557 850 velut
2603 804 2648 850 a

391 902 640 979 Fabr0‚
678 919 817 968 non
854 902 1003 984 jam
1052 902 1376 986 putatur:
1432 901 1496 966 ei
1542 918 1977 967 communem
2014 917 2172 965 cum
2205 899 2457 967 virtute
2494 901 2644 984 ipsa

391 1015 734 1101 originem
773 1015 1123 1101 assignat3
1160 1017 1476 1100 utraque,
1514 1019 1587 1082 ut
1627 1017 1749 1097 ait,
1787 1032 1831 1080 a
1868 1013 2207 1100 profundo
2245 1014 2365 1080 illo
2405 1015 2647 1081 caeles-

389 1129 579 1215 tique
611 1130 864 1214 abysso
907 1134 1082 1212 orta,
1121 1147 1278 1214 quae
1316 1129 1436 1195 Dei
1478 1129 1697 1214 ipsius
1739 1128 1942 1195 sedes
1985 1130 2088 1195 est
2122 1127 2230 1215 (l).
2270 1130 2404 1194 Pro
2440 1145 2646 1195 voca-

390 1242 555 1310 bulo
615 1243 935 1310 «rimeur
968 1264 1039 1325 n,
1098 1241 1281 1327 quod
1335 1242 1771 1328 superiorum
1823 1247 2213 1331 temporum
2264 1243 2645 1310 artificibus

391 1356 596 1445 plane
626 1356 1031 1441 quadrabat,
1071 1359 1294 1443 poetae
1325 1356 1554 1424 nobile
1589 1375 2144 1442 generosumque
2179 1374 2432 1423 nomen
2464 1357 2649 1421 suffi-

391 1470 591 1538 citur.
634 1469 1143 1559 Rhytlzmorum
1182 1472 1658 1537 tantummodo
1693 1472 1924 1538 varios
1953 1472 2196 1538 modos
2233 1471 2455 1537 Faber
2486 1471 2648 1537 edo-

391 1584 565 1671 cuit3
605 1584 867 1651 Sibileti
889 1603 1056 1651 vero
1083 1587 1214 1651 Ars
1240 1586 1508 1673 poetica
1532 1585 1779 1652 averis
1813 1585 2085 1651 vatibus
2120 1604 2255 1650 non
2291 1585 2640 1651 abhorret.

393 1700 852 1767 Domesticam
883 1699 997 1767 hic
1026 1699 1513 1786 poesim,quae,
1544 1699 1864 1765 inanibus
1883 1698 2260 1785 praestigiis
2294 1702 2642 1784 corrupta.

391 1832 668 1881 omnem
702 1815 1085 1900 priscarum
1120 1818 1402 1880 aetatum
1433 1813 1841 1898 dignitatem
1866 1814 2218 1893 amiserat,
2247 1814 2646 1880 Graecorum

393 1928 997 2011 Romanorumque
1040 1926 1420 1992 imitatione
1464 1925 1704 2006 fretuS,
1753 1926 1842 1991 ad
1886 1925 2343 1993 salubriorem
2387 1927 2645 1992 cultum

391 2058 720 2106 revocare
763 2040 952 2106 velit.
996 2042 1333 2105 Memorat
1375 2038 1457 2125 (2)
1510 2039 1829 2123 eclogam
1880 2056 1923 2104 a
1973 2038 2236 2105 Graecis
2294 2038 2645 2105 inventam

389 2172 567 2236 esse,
605 2172 648 2221 a
681 2154 942 2221 Latinis
993 2157 1418 2238 usurpatam,
1456 2172 1499 2220 a
1541 2154 1758 2221 Gallis
1802 2157 2264 2239 assumptam3
2319 2152 2646 2220 dramati-

388 2287 546 2335 cum
600 2286 848 2353 poema
904 2267 1117 2352 vulgo
1178 2292 1211 2329 «
1246 2267 1561 2334 moralite
1590 2291 1624 2329 »
1686 2269 1946 2335 dictum
1996 2268 2214 2334 veteri
2276 2269 2643 2353 tragoediae

385 2382 544 2449 ideo
573 2381 799 2455 simile
827 2400 967 2449 non
989 2383 1285 2448 absurde
1304 2382 1595 2465 judicat,
1629 2382 1812 2467 quod
1843 2400 2095 2466 graves
2121 2384 2643 2472 praecipuasque

386 2515 502 2563 res
516 2514 769 2563 scaenae
791 2496 1189 2582 committit3
1229 2495 1486 2580 itaque,
1511 2497 1568 2563 si
1591 2497 1860 2563 tristem
1878 2516 2152 2583 semper
2181 2498 2439 2563 exitum
2473 2497 2642 2563 illud

387 2611 698 2691 haberet,
732 2609 903 2675 nihil
938 2627 1153 2695 prope
1188 2609 1368 2674 inter
1401 2611 1766 2694 utrumque
1802 2628 2023 2693 genus
2052 2610 2437 2676 interesset.
2470 2612 2645 2676 Nos-

391 2726 570 2791 tram
610 2740 778 2789 vero
822 2721 1259 2803 comoediam,
1306 2721 1559 2806 gallice
1606 2744 1639 2785 «
1674 2721 1860 2789 farce
1889 2743 1923 2784 »
1970 2725 2313 2804 vocatam,
2351 2741 2394 2788 a
2428 2723 2645 2788 latina

388 2835 734 2904 comoedia
765 2834 1039 2922 penitus
1087 2834 1344 2902 distare
1391 2852 1533 2901 non
1561 2833 1863 2919 ignorat,
1911 2835 2379 2921 Romanisque
2412 2836 2643 2904 mimis

384 2951 570 3019 haud
610 2950 1143 3019 dissimillimam
1172 2951 1350 3017 hanc
1384 2969 1537 3017 esse
1567 2953 1753 3017 recte
1789 2951 1976 3018 ducit
2007 2951 2118 3038 (3).
2157 2952 2452 3018 Traditis
2488 2953 2644 3018 bre-

385 3069 587 3135 vibus
616 3068 701 3134 de
736 3068 933 3153 epico
962 3067 1267 3133 carmine
1302 3066 1634 3149 consiliis,
1668 3069 1851 3153 quod
1889 3065 2129 3156 'magni
2160 3065 2385 3156 operis
2409 3070 2644 3154 appel-

384 3182 642 3249 latione
685 3181 1029 3265 designat,
1084 3181 1399 3247 hortatur
1442 3183 1717 3266 poetam
1760 3184 1836 3247 ut
1878 3182 2158 3249 Homeri
2204 3182 2642 3266 Maronisque

386 3293 686 3378 vestigia
732 3283 1060 3378 sequatur
1105 3296 1174 3360 et
1218 3294 1306 3360 ad
1360 3312 1600 3360 eorum
1644 3294 2001 3380 exemplar
2051 3313 2205 3362 sese
2254 3295 2481 3361 flectat
2529 3293 2636 3380 (4).

388 3409 719 3475 Veterum
754 3407 938 3473 enim
972 3407 1363 3474 reverentia
1394 3408 1568 3475 adeo
1600 3409 1749 3491 jam
1787 3408 2093 3493 vigebat,
2134 3410 2212 3475 ut
2253 3409 2340 3474 ab
2379 3409 2464 3474 iis
2504 3426 2642 3474 non

388 3523 594 3590 modo
624 3522 820 3588 varia
851 3521 1081 3607 poesis
1109 3540 1392 3605 genera,
1431 3521 1553 3588 sed
1579 3522 1788 3589 etiam
1822 3541 2147 3589 versuum
2172 3522 2393 3608 ipsam
2431 3521 2643 3588 ratio-

385 3652 548 3701 nem
599 3633 898 3701 mutuari
951 3633 1228 3718 quidam
1272 3635 1657 3700 tentarent:
1711 3652 1917 3718 quam
1958 3634 2236 3719 quidem
2278 3634 2636 3702 audaciam

386 3753 573 3816 recte
622 3746 946 3815 Sibiletus
988 3747 1334 3833 vituperat
1385 3746 1466 3835 (5)
1524 3747 1729 3833 idque
1779 3748 2163 3816 carminum
2217 3768 2439 3835 genus
2499 3753 2641 3817 tam

385 3863 763 3930 absurdum
797 3861 977 3947 apud
1009 3880 1136 3928 nos
1177 3880 1330 3928 esse
1352 3861 1643 3946 judicat,
1682 3882 1889 3947 quam
1924 3864 1981 3929 si
2021 3864 2246 3931 Graeci
2282 3864 2641 3949 Latinique

388 3978 582 4042 vates
618 3974 949 4056 carmina,
990 3973 1184 4040 nulla
1220 3974 1566 4059 prosodiae
1600 3976 1869 4042 ratione
1917 3977 2176 4059 habita,
2226 3997 2639 4063 componere

388 4090 789 4157 voluissent.
826 4088 1152 4164 Quotiens
1186 4106 1351 4155 vero
1386 4089 1815 4174 antiquitatis
1844 4090 2135 4159 imitatio
2165 4109 2320 4158 cum
2355 4091 2639 4160 Gallicae

435 4311 498 4366 (1)
521 4310 629 4355 Lib.
656 4311 692 4365 1,
714 4321 822 4365 cap.
843 4311 881 4354 1.

437 4388 500 4442 (2)
524 4388 630 4433 Lib.
656 4389 712 4441 11,
735 4389 992 4444 cap.vl11.

437 4465 499 4520 (a)
528 4465 590 4510 V.
612 4466 783 4520 agger.
803 4466 1133 4509 effluentum
1150 4452 1207 4508 04
1227 4466 1587 4520 Franco,1e‹;on
1610 4468 1693 4512 140.

437 4543 499 4598 (4)
522 4559 548 4582 α
569 4544 694 4588 Faut
712 4543 929 4588 recourir
947 4555 1010 4587 au
1035 4543 1224 4588 Roman
1244 4544 1305 4588 de
1325 4545 1369 4588 la
1393 4545 1539 4598 Rosa,
1562 4546 1603 4589 si
1624 4548 1675 4589 tu
1703 4546 1911 4591 n·aimcs
1931 4547 2099 4591 mieux
2121 4549 2168 4592 tc
2188 4549 2367 4595 former
2387 4558 2450 4594 uu
2470 4547 2638 4594 miroir

387 4608 648 4653 d'Homere
673 4609 802 4654 etde
821 4610 1023 4666 virgae,
1050 4621 1240 4656 comme
1257 4611 1307 4667 Je
1329 4611 1488 4657 scrois
1508 4612 1625 4657 bien
1644 4612 1817 4658 d'avis.
1836 4628 1860 4652 ι·

437 4687 500 4742 (5)
522 4686 632 4732 Lib.
653 4687 714 4742 11.
736 4698 845 4744 cap.
866 4688 975 4733 XV.
