3561 5729
1348 583 1668 643 -87-‚

371 727 633 816 pariter
666 734 735 793 et
767 726 1130 793 comoediae
1170 728 1584 810 congruunt,
1621 725 2042 812 paucissima
2073 726 2481 795 Valkelinus
2509 729 2634 795 ad-

369 843 469 908 dit
500 842 791 910 comicae
826 841 1082 908 fabulae
1106 842 1408 927 propria.
1441 842 1516 907 In
1540 841 1765 927 primo
1790 841 1995 923 libro,
2019 844 2174 909 octo
2202 842 2627 927 syllabarum

369 975 612 1023 versus
658 955 1095 1040 huicgeneri
1134 955 1478 1039 assignat;
1527 954 1599 1020 in
1648 955 1856 1021 tertio
1894 958 2241 1043 praecepta
2280 958 2512 1024 tradit.
2553 961 2632 1025 In

367 1074 509 1137 tres
543 1074 800 1156 partes,
837 1073 1093 1158 praeter
1131 1069 1525 1157 prologum,
1568 1069 1656 1134 ab
1692 1086 1774 1134 eo
1822 1068 2187 1135 distributa
2225 1074 2328 1136 est
2374 1089 2633 1138 comoe-

368 1185 486 1251 dia
533 1201 548 1250 ε
598 1185 669 1250 in
714 1184 938 1269 prima
976 1184 1229 1250 fabulae
1272 1191 1757 1268 argumentum
1804 1188 2009 1268 poeta
2053 1185 2155 1251 sic
2205 1186 2510 1274 exponit,
2557 1190 2634 1254 ut

368 1298 793 1385 exspectatio
844 1302 1228 1379 moveatur,
1266 1317 1405 1364 non
1444 1317 1610 1364 vero
1650 1298 2052 1384 impleatur;
2105 1301 2409 1367 secunda
2455 1301 2630 1369 nihil

367 1414 571 1480 aliud.
592 1416 699 1481 est
724 1432 929 1498 quam
956 1413 1167 1480 totius
1190 1413 1584 1497 argumenti
1610 1412 1987 1498 implicatio
2011 1414 2133 1500 (1);
2171 1416 2376 1481 tertia
2399 1419 2630 1482 autem

366 1524 682 1592 involuta
724 1526 958 1592 omnia
994 1520 1365 1592 evolvit'et
1405 1524 1744 1591 enucleat.
1789 1525 1959 1592 Cum
2005 1544 2171 1593 vero
2221 1527 2630 1596 Valkelinus

364 1659 441 1707 se
491 1641 897 1726 profiteatur
947 1642 1186 1705 Artem
1239 1639 1580 1725 poeticam
1631 1639 1789 1706 ideo
1846 1640 2259 1727 suscepisse,
2316 1645 2392 1707 ut
2438 1645 2631 1709 vates

365 1757 645 1840 regeret
669 1753 778 1841 (2),
817 1755 1070 1821 mirum
1106 1754 1395 1835 fortasse
1439 1754 1809 1836 videbitur,
1860 1754 2039 1838 quod
2087 1755 2173 1821 de
2209 1757 2471 1823 comico
2506 1776 2633 1841 ge-

366 1884 533 1933 nere
568 1884 708 1932 non
749 1867 973 1951 plura,
1018 1883 1161 1932 non
1203 1865 1502 1931 certiora
1542 1866 1792 1932 tradat.
1832 1866 2019 1932 Nihil
2055 1866 2238 1933 enim
2277 1868 2349 1932 in
2398 1868 2509 1935 his
2542 1869 2629 1935 de

366 1980 711 2046 comoedia
761 1980 1152 2068 praeceptis,
1203 1980 1386 2063 quod
1440 1979 1642 2046 valde
1693 1980 1916 2066 poetis
1963 1981 2291 2065 prodesse
2344 1980 2560 2066 possit
2606 1997 2622 2048 :

365 2094 705 2159 concinna
741 2094 1020 2178 quidem
1050 2097 1155 2161 est
1186 2093 1490 2180 partitiO,
1529 2096 1650 2162 sed
1692 2100 1854 2161 ante
1885 2096 2192 2162 omnium
2228 2096 2465 2162 oculos
2505 2114 2628 2182 po-

363 2209 498 2275 sita
532 2208 644 2295 (3).
698 2211 1076 2277 Laudanda
1121 2215 1353 2277 tamen
1405 2214 1587 2278 esset
1639 2211 1868 2295 potius
1910 2229 2118 2295 quam
2172 2212 2627 2297 vituperanda

365 2323 717 2390 Valkelini
755 2325 1117 2403 modestia,
1148 2325 1206 2391 si
1242 2325 1381 2390 alia
1410 2324 1474 2391 ei
1504 2343 1714 2391 causa
1741 2325 2087 2409 assignari
2123 2329 2379 2410 posset,
2418 2344 2625 2410 quam

363 2435 601 2523 inopia
624 2437 942 2520 quaedam
973 2455 1056 2503 ac
1092 2437 1405 2523 penuria.
1455 2437 1884 2504 Paucissima
1912 2438 2097 2504 enim
2144 2439 2327 2523 apud
2361 2439 2628 2505 Aristo-

362 2550 573 2617 telem
619 2551 705 2617 de
749 2551 994 2617 comici
1038 2552 1317 2635 generis
1356 2556 1604 2618 natura
1644 2551 2120 2637 inveniuntur3
2169 2558 2499 2633 ceterum,
2537 2571 2626 2618 ne

363 2683 504 2732 una
531 2665 809 2749 quidem
844 2665 1120 2750 Diphili,
1158 2665 1582 2731 Philemonis
1616 2665 1725 2731 vel
1756 2664 1976 2750 ipsius
2001 2665 2360 2731 Menandri
2393 2665 2627 2731 fabula

363 2782 748 2864 supererat,
795 2778 883 2843 ad
928 2796 1134 2862 quam
1177 2796 1329 2843 sese
1374 2776 1505 2862 ipsi
1555 2777 1829 2843 flectere
1868 2777 2043 2843 sexti
2090 2777 2339 2843 decimi
2385 2776 2625 2843 saeculi

361 2898 589 2980 poetae
649 2896 965 2979 possent;
1035 2893 1227 2958 nulla
1273 2897 1502 2957 autem
1556 2912 1642 2959 ex
1699 2892 2181 2978 Aristophanis
2234 2893 2619 2974 comoediiS,

362 3029 518 3096 quae
555 3011 638 3075 in*
659 3029 905 3076 manus
939 3010 1295 3076 hominum
1341 3014 1823 3096 pervenerant,
1856 3008 2140 3076 Gallicae
2175 3027 2428 3075 scaenae
2462 3012 2626 3096 apta

363 3127 533 3190 erat.
572 3123 835 3189 Latinae
867 3123 1147 3207 quidem
1180 3122 1434 3189 fabulae
1472 3123 1697 3189 minus
1729 3142 1772 3187 a
1798 3123 2066 3188 theatro
2097 3127 2335 3216 nostro
2369 3121 2624 3188 abhor-

363 3239 631 3326 rebant,
683 3237 1226 3322 Valkelinusque
1269 3238 1417 3327 ipse
1460 3237 1949 3303 animadvertit
1991 3236 2226 3303 Gallos
2260 3241 2499 3322 poetas
2531 3237 2619 3302 ab

360 3351 822 3437 Aristophane
844 3351 931 3416 ad
949 3352 1296 3417 Romanos
1314 3354 1505 3416 vates
1514 3351 1662 3434 jam
1679 3368 1766 3432 ex
1788 3349 2126 3438 principio
2144 3350 2480 3416 defecisse
2497 3349 2578 3436 (4)
2598 3369 2614 3436 3

360 3466 509 3547 sed,
548 3465 864 3549 quamvis
907 3484 1064 3531 cum
1108 3469 1344 3532 nostra
1381 3463 1876 3530 consuetudine
1916 3463 2179 3530 Latinae
2221 3482 2474 3530 scaenae
2505 3483 2620 3529 co-

356 3579 596 3663 gnatio
631 3579 949 3662 quaedam
992 3577 1416 3662 deprehendi
1457 3576 1697 3660 possit,
1735 3579 1952 3642 totum
1998 3577 2361 3643 comoediae
2394 3596 2619 3662 genus

357 3694 428 3759 in
476 3693 1027 3776 alienigenarum
1074 3696 1308 3756 vatum
1361 3690 1814 3756 imitationem
1863 3691 2110 3757 cadere
2164 3690 2353 3758 nullo
2410 3692 2615 3758 modo

357 3810 605 3894 potest.
673 3806 1040 3890 Tragoedia
1111 3805 1239 3871 hos
1285 3804 1496 3870 animi
1550 3808 1776 3871 motus
1823 3806 1892 3870 et
1946 3805 2231 3872 affectus
2283 3805 2617 3890 effingere

356 3924 559 4005 solet,
591 3923 706 4008 qui
732 3924 820 3989 ad
856 3941 1131 3989 omnem
1155 3922 1651 3988 humanitatem
1677 3921 2051 4011 pertinent3
2081 3923 2425 3989 comoedia
2449 3942 2614 3990 vero

351 4182 356 4186 ’
408 4206 473 4260 (l)
495 4224 520 4245 α
538 4205 703 4251 Brouil
723 4206 785 4251 de
803 4206 998 4250 l'entier
1016 4207 1272 4259 argument
1283 4219 1324 4248 n.

406 4284 472 4337 (2)
490 4283 580 4329 J‘ai
602 4285 688 4328 fait
707 4295 823 4328 mon
839 4284 929 4328 Art
947 4283 1193 4340 poetique,
1213 4283 1364 4335 dit-il,

574 4353 702 4396 Pour
720 4363 815 4408 que
836 4354 949 4396 tous
974 4361 1061 4395 ces
1079 4351 1263 4407 esprits
1284 4349 1366 4405 qui
1385 4349 1446 4394 de
1465 4353 1596 4394 mots
1615 4354 1847 4396 entessez

572 4418 696 4461 D'un
715 4418 857 4463 ordre
879 4429 977 4461 non
997 4417 1129 4461 suivi
1149 4418 1253 4461 font
1270 4417 1360 4461 des
1380 4428 1656 4462 monceaux
1676 4429 1835 4471 assez,

569 4484 633 4526 Se
655 4482 845 4537 reglant
863 4493 923 4526 ne
945 4485 1108 4526 soient
1126 4482 1239 4538 plus
1259 4480 1288 4526 ὁ
1307 4493 1393 4526 ces
1416 4482 1584 4536 singes
1605 4482 1925 4539 semblables,
1947 4484 2042 4528 etc.
2062 4483 2188 4538 (Lib.
2209 4483 2313 4534 111).

405 4559 469 4615 (3)
496 4560 683 4604 Eadem
703 4558 879 4604 comici
899 4557 1066 4614 operis
1086 4557 1368 4603 distributio
1388 4557 1516 4615 apud
1539 4557 1856 4604 Pellem-ium
1874 4559 1978 4614 jam
1996 4559 2199 4606 inventu
2216 4561 2314 4607 est.

415 4638 473 4693 (4)
501 4637 610 4682 Lib.
631 4639 716 4683 111.
