3561 5729
1908 617 2267 679 -102—

960 762 1347 829 Massonius
1387 761 1469 848 (l)
1522 763 1822 841 chartas,
1884 760 2250 839 tabularia,
2310 763 2580 826 veteres
2632 761 2919 825 annales
2975 765 3215 846 explo-

963 882 1142 956 rant,
1208 895 1612 960 summaque
1675 875 2039 959 diligentia
2109 879 2313 958 atque
2400 875 2739 940 industria
2818 875 3219 940 domesticae

968 990 1322 1055 vetustatis
1357 990 1736 1073 imaginem
1771 988 2161 1054 restituunt.
2204 990 2364 1053 Mox
2395 989 2526 1077 ipsi
2558 988 2787 1073 poesis
2818 988 3219 1072 linguaeque

966 1103 1189 1169 fontes
1256 1104 1718 1170 excutiuntur.
1805 1101 2269 1184 Quaestionum
2336 1101 2412 1169 de
2477 1101 2781 1171 Francia
2855 1105 3224 1188 septimum

968 1220 1424 1302 octavumque
1476 1218 1755 1299 librum,
1808 1217 1923 1301 qui
1968 1217 2052 1282 de
2113 1218 2495 1302 priscarum
2544 1220 2825 1284 aetatum
2878 1217 3219 1298 versibuS,

966 1351 1310 1415 sermone,
1341 1332 1586 1398 litteris
1631 1332 2006 1420 disputant,
2068 1350 2209 1397 non
2268 1332 2459 1417 prius
2516 1332 2794 1415 quidem
2848 1332 3219 1397 Pascasius

972 1446 1247 1526 emittit,
1292 1463 1500 1528 quam
1548 1445 1689 1509 Arti
1740 1444 2033 1530 poeticae
2076 1446 2284 1510 finem
2333 1445 2742 1510 Valkelinus
2774 1445 3219 1533 imposuerit3

968 1561 1090 1627 sed
1135 1561 1398 1627 Claudii
1450 1560 1801 1626 Fauchetii
1864 1558 2353 1628 Conmentatz'o
2395 1559 2477 1627 de
2519 1558 2843 1627 Francici
2888 1559 3227 1627 sermonis

960 1672 1312 1764 poesisque
1344 1672 1616 1763 oriqc'ne
1644 1674 1734 1761 (2)
1769 1675 1985 1740 multo
2016 1676 2417 1758 adjumento
2453 1679 2678 1759 poetae
2714 1676 2863 1741 fuit.
2901 1675 3228 1750 Quamvis

969 1790 1155 1855 enim
1188 1791 1426 1855 Artem
1470 1788 1731 1872 aliquot
1755 1790 1905 1871 jam
1940 1792 2098 1853 ante
2134 1789 2334 1854 annis
2364 1808 2693 1873 agressus
2728 1789 2840 1870 sit,
2867 1807 3073 1873 quam
3100 1789 3231 1856 hoc

974 1921 1147 1987 opus
1201 1902 1462 1967 editum
1520 1901 1750 1982 suerit,
1800 1919 1939 1967 non
1988 1901 2269 1966 dubium
2323 1906 2425 1967 est
2469 1901 2637 1984 quin
2693 1902 3032 1967 maximos
3073 1902 3231 1967 inde

975 2017 1236 2082 fructus
1271 2014 1677 2100 perceperit.
1723 2015 1996 2080 Primus
2050 2015 2362 2099 linguam
2419 2019 2726 2081 nostram
2770 2035 2993 2100 neque
3031 2016 3236 2100 galli-

977 2148 1153 2211 cam,
1195 2146 1419 2211 neque
1450 2145 1780 2211 graecam,
1812 2145 1897 2192 ne
1928 2129 2399 2211 germanicam
2435 2128 2711 2211 quidem
2742 2147 2894 2195 esse
2929 2128 3235 2195 Fauche-

978 2243 1114 2309 tius
1204 2241 1456 2307 docuit.
1542 2264 1576 2303 «
1633 2242 1729 2305 La
1790 2240 2067 2325 plupart
2140 2241 2262 2307 des
2335 2241 2608 2326 paroles
2661 2245 2817 2306 sont
2876 2240 3085 2307 tirees
3143 2243 3232 2307 du

982 2360 1153 2425 latin
1192 2359 1303 2444 (3).
1344 2380 1378 2421 »
1414 2359 1567 2423 Non
1604 2357 1809 2427 modo
1837 2358 1969 2423 hoc
2003 2358 2417 2447 principium
2472 2358 2601 2423 sibi
2638 2359 3047 2424 Valkelinus
3081 2359 3239 2424 ads-

984 2472 1202 2553 ciscit,
1237 2471 1357 2537 sed
1394 2472 1603 2536 etiam
1642 2471 1876 2536 omnia
1909 2471 2077 2543 sere,
2117 2490 2568 2554 quaecumque
2600 2471 2685 2537 de
2720 2476 2953 2539 vetere
2994 2472 3237 2538 Galliae

985 2586 1173 2675 poesi
1229 2586 1445 2666 novit,
1497 2604 1539 2649 a
1587 2585 1987 2666 Fauchetm,
2041 2585 2285 2649 iisdem
2331 2604 2518 2669 saepe
2553 2585 2812 2666 verbis,
2861 2590 3233 2651 mutuatur.

987 2701 1366 2765 Bardorum
1413 2701 1677 2781 cantus,
1724 2717 1897 2783 quos
1948 2700 2132 2764 Artis
2180 2698 2469 2784 poeticae
2535 2700 2829 2788 scriptor
2880 2704 3238 2781 memorat,

986 2814 1104 2881 ille
1141 2815 1289 2898 jam
1323 2813 1392 2879 in
1431 2814 1663 2879 lumen
1707 2816 2179 2879 revocaverat.
2228 2835 2260 2876 «
2292 2814 2431 2879 Nos
2466 2813 2666 2880 vieils
2700 2817 2937 2902 poetes
2971 2814 3244 2898 gaulois

991 2929 1272 3014 appelez
1293 2930 1508 2994 Bards
1530 2929 1948 3013 chantoyent
1968 2947 2057 2994 au
2078 2947 2203 2994 son
2231 2929 2351 2994 des
2378 2928 2794 2994 instrumens
2817 2928 2917 2993 les
2940 2929 3096 2993 faits
3123 2929 3244 2994 des

991 3045 1304 3110 hommes
1335 3044 1637 3110 illustres
1675 3043 1787 3129 (4).
1832 3068 1864 3105 »
1901 3043 2146 3126 Lyrica
2179 3042 2509 3129 epicaque
2536 3046 2847 3107 veterum
2884 3049 3241 3126 poetarum

994 3158 1303 3223 carmina
1342 3156 1524 3221 idem
1561 3175 1648 3221 ex
1691 3155 1967 3221 silentio
2004 3158 2071 3220 et
2117 3155 2463 3220 oblivione
2508 3155 2981 3219 vindicaverat
3019 3169 3034 3219 ε
3084 3177 3116 3214 «
3155 3153 3243 3219 Ce

995 3272 1095 3336 sut
1130 3271 1271 3336 lors
1315 3289 1446 3354 que
1493 3270 1592 3334 lcs
1645 3269 1941 3336 Conteor
1998 3277 2065 3333 et
2106 3268 2416 3350 ‚lug-leor,
2456 3269 2874 3333 'l'rouverres
2918 3273 2985 3333 et
3024 3268 3247 3332 Chan-

991 3389 1236 3464 terreS,
1272 3385 1644 3449 coururent
1676 3401 1803 3472 par
1830 3382 1934 3448 les
1974 3401 2176 3448 cours
2205 3382 2290 3446 de
2326 3401 2439 3446 ces
2483 3381 2755 3465 princes
2794 3399 2964 3466 pour
2999 3379 3249 3446 recitet

996 3500 1065 3563 et
1130 3496 1415 3562 chanter
1481 3496 1668 3562 leurs
1725 3499 1961 3561 contes
2012 3513 2173 3561 sans
2230 3513 2450 3578 ryme,
2505 3494 2849 3560 chansons
2904 3495 2973 3558 et
3018 3499 3249 3559 autres

998 3610 1391 3675 inventions
1426 3606 1809 3697 poetiques,
1842 3626 2053 3674 usans
2083 3608 2177 3673 du
2209 3607 2478 3673 romain
2507 3607 2817 3690 rustique
2849 3605 2961 3691 (5).
2986 3629 3017 3668 n
3057 3607 3246 3681 Quod

1000 3722 1328 3810 pristinos
1376 3721 1622 3788 Galliae
1676 3724 1871 3788 vates
1928 3720 2334 3787 Homeristis
2384 3724 2761 3805 comparat,
2811 3719 3252 3785 Valkelinum

1004 3834 1504 3920 probavimus:
1562 3834 1683 3900 sed
1749 3834 1883 3900 hoc
1939 3834 2165 3918 ipsum
2230 3851 2274 3898 a
2335 3832 2705 3899 Fauchetio
2769 3833 3058 3918 petitum
3115 3850 3251 3897 non

1005 3947 1442 4013 infitiandum
1498 3950 1624 4013 est.
1688 3948 1882 4012 «Les
1921 3948 2339 4012 Trouverres
2378 3947 2722 4030 venoyent
2758 3963 2896 4011 aux
2951 3945 3252 4028 grandes

1004 4059 1425 4128 assemblees
1458 4062 1526 4127 et
1550 4059 1792 4126 sestius
1831 4060 2095 4126 donner
2119 4057 2361 4146 plaisir
2391 4076 2528 4124 aux
2556 4057 2830 4145 princes
2864 4072 2879 4123 ε
2914 4076 2992 4124 ce
3023 4057 3256 4142 qu'an-

1054 4348 1118 4402 (1)
1144 4348 1354 4391 Annales
1375 4348 1558 4401 latinae,
1582 4346 1701 4392 1577.

1059 4429 1120 4482 (2)
1153 4425 1270 4470 1581.

1058 4507 1120 4562 (3)
1149 4504 1256 4549 Lib.
1279 4505 1314 4558 1,
1339 4516 1446 4559 cap.
1471 4504 1552 4547 111.

1058 4585 1122 4641 (4)
1155 4583 1261 4627 Lib.
1285 4583 1321 4638 1,
1344 4593 1450 4636 cap.
1472 4582 1556 4624 VI.

1060 4664 1122 4715 (5)
1151 4661 1258 4706 Lib.
1280 4661 1315 4716 1,
1339 4672 1446 4718 cap.
1469 4660 1551 4708 IV·
