3561 5729
1389 668 1705 728 -3'7—

419 806 890 900 prosopopoeiae
919 809 1142 894 ipsam
1167 806 1494 874 carminis
1518 807 2045 896 perpetuitatem
2076 809 2525 893 distinguant.
2548 812 2678 878 Sed

425 926 546 992 illa
576 928 982 1014 tempestate
1016 942 1351 1009 personas
1394 923 1465 988 in
1507 922 1771 1007 eclogis
1814 924 2008 989 vates
2040 924 2445 1009 plerumque
2479 925 2679 991 indu-

425 1040 715 1107 cebant:
755 1038 986 1123 itaque
1030 1037 1414 1106 communis
1459 1036 1720 1122 dialogi
1754 1036 2035 1105 nomine
2064 1037 2378 1104 bucolica
2411 1039 2678 1106 omnia-

425 1173 557 1238 que
592 1153 975 1219 dramatica
1005 1171 1291 1238 genera,
1330 1170 1485 1238 quae
1504 1154 1650 1219 tum
1685 1156 1850 1220 nota
1879 1156 2098 1233 erant,
2139 1152 2462 1251 Sibiletus
2497 1173 2675 1221 com-

424 1267 767 1354 plectitur.
807 1266 1222 1334 Jamdudum
1257 1269 1429 1351 erat,
1464 1286 1550 1333 ex
1585 1286 1720 1351 quo
1755 1267 2100 1356 pastorale
2139 1285 2418 1333 carmen
2451 1272 2676 1353 poetae

424 1383 639 1450 nostri
698 1383 926 1450 colere
976 1384 1375 1468 coeperant:
1433 1382 1524 1447 M.
1588 1381 1829 1447 Scaeva
1888 1381 2350 1466 Salellusque,
2413 1385 2485 1448 ut
2529 1384 2678 1467 jam

424 1500 629 1564 antea
679 1499 1134 1563 memoratum
1197 1498 1333 1578 est,
1389 1495 1725 1579 ejusmodi
1769 1498 2123 1584 poemata,
2175 1515 2260 1562 ne
2308 1514 2422 1562 res
2472 1496 2679 1563 altius

424 1613 841 1697 repetanmS,
887 1628 1030 1675 non
1073 1610 1287 1677 semel
1323 1609 1812 1695 condiderant;
1852 1611 2159 1676 Marotus
2197 1613 2427 1676 autem
2461 1611 2532 1677 in
2571 1611 2680 1677 his

425 1727 759 1813 plurimas
807 1725 938 1793 sibi
984 1725 1225 1791 laudes
1274 1724 1785 1792 conciliaverat.
1836 1725 2087 1792 Omnes
2144 1725 2245 1792 illi
2302 1729 2559 1811 poetae,
2611 1730 2680 1792 et

428 1839 671 1921 ceteri,
718 1838 832 1924 qui
878 1838 1060 1906 idem
1101 1857 1323 1923 genus
1368 1841 1780 1920 tractarunt,
1830 1838 2144 1905 bucolica
2193 1857 2543 1923 nunquam
2590 1840 2676 1905 ab

425 1952 765 2038 allegoria
790 1956 1152 2038 separant:
1193 1953 1438 2019 Maroti
1471 1952 1759 2037 eclogis,
1779 1971 1935 2038 quae
1962 1971 2086 2037 pro
2106 1952 2311 2036 hujus
2338 1953 2678 2038 poematis

425 2066 938 2152 exemplaribus
977 2066 1277 2150 ,iudicari
1333 2046 1651 2155 possunt,
1709 2066 1984 2151 penitus
2043 2064 2366 2131 convenit
2416 2064 2677 2131 Sibileti

424 2180 769 2267 definitio;
809 2180 980 2246 nihil
1013 2180 1198 2246 enim
1233 2179 1420 2245 aliud
1462 2182 1591 2261 est,
1629 2178 1688 2245 si
1722 2179 1884 2245 huic
1920 2179 2244 2262 creditur,
2283 2179 2415 2245 hoc
2450 2179 2679 2264 poesis

425 2313 680 2379 genuS,
722 2312 929 2379 quam
970 2293 1314 2360 alternum
1364 2294 1544 2359 inter
1589 2293 1761 2361 duos
1804 2296 2117 2379 pastores
2168 2312 2480 2376 carmen,
2533 2293 2675 2377 qui,

423 2427 548 2494 per
597 2408 915 2493 quaedam
970 2407 1361 2490 involucra,
1423 2407 1508 2473 de
1555 2426 1803 2491 regum
1853 2409 2106 2490 morte,
2154 2407 2240 2473 de
2287 2414 2676 2496 temporum

426 2524 724 2608 casibus,
758 2525 843 2591 de
875 2524 1282 2610 reipublicae
1316 2523 1694 2591 mutatione
1728 2524 1909 2590 inter
1940 2542 2015 2590 se
2050 2525 2536 2609 colloquuntur
2562 2523 2672 2610 (1).

513 2641 656 2707 Duo
700 2639 839 2706 alia
871 2658 1158 2724 genera,
1199 2657 1242 2705 a
1286 2634 1551 2706 Maroto
1588 2657 1858 2723 quoque
1898 2639 2105 2720 culta,
2152 2639 2475 2706 Sibiletus
2523 2638 2678 2704 des-

427 2751 671 2819 cribit:
735 2769 984 2841 poema
1027 2750 1279 2835 gallice
1336 2751 1701 2817 «blason»
1758 2751 2050 2833 dictum,
2104 2750 2286 2836 quod
2346 2752 2679 2840 perpetua

423 2867 629 2933 laude
683 2866 795 2933 vel
848 2867 1175 2933 continua
1222 2864 1726 2950 vituperatione
1772 2867 2041 2933 constat
2089 2863 2206 2953 (2),
2262 2869 2332 2932 et
2377 2876 2682 2932 veterem

425 2980 615 3047 illam
664 2980 947 3047 satiram
995 2980 1109 3066 (3),
1157 2997 1363 3068 quam
1402 2979 1612 3065 prisci
1653 2979 1899 3047 Galliae
1946 2982 2171 3065 poetae
2227 3004 2261 3041 «
2291 2980 2607 3046 fratrasie
2642 3002 2675 3042 »

423 3095 785 3162 vocabant.
842 3095 1059 3178 Hujus
1103 3093 1381 3178 generis
1421 3092 1846 3177 farraginem
1884 3093 1956 3158 in
1996 3092 2314 3159 omnibus
2360 3093 2685 3159 uniuscu-

413 3211 666 3294 jusque
715 3208 903 3276 vitiis
945 3209 1209 3275 versari
1244 3208 1479 3296 docet:
1537 3226 1672 3292 quo
1716 3210 1948 3274 autem
1998 3207 2478 3274 absurdiorem
2525 3227 2677 3275 esse

424 3324 604 3390 male
639 3323 818 3390 inter
851 3341 926 3389 se
959 3322 1455 3389 cohaerentium
1485 3340 1882 3388 sermonum
1908 3321 2103 3406 quasi
2138 3323 2558 3403 contextum,
2592 3340 2675 3388 eo

425 3438 812 3522 elegantius
846 3436 996 3503 fieri
1023 3455 1292 3522 poema.
1329 3436 1679 3521 Ejusmodi
1715 3455 1888 3521 opus
1922 3436 2250 3516 MarotuS,
2280 3438 2355 3501 ut
2383 3434 2672 3502 relatum

426 3554 553 3631 est,
602 3552 1057 3634 tractaverat3
1107 3550 1229 3617 sed
1272 3568 1522 3616 novam
1562 3549 1623 3616 ei
1674 3548 1815 3614 vim
1860 3566 2043 3615 novo
2090 3567 2242 3615 cum
2280 3548 2557 3614 nomine
2593 3546 2675 3634 (4)

425 3666 848 3732 incusserat:
906 3664 1036 3730 hac
1088 3665 1270 3731 enim
1327 3663 1824 3731 sententiarum
1872 3663 2215 3730 destinata
2261 3662 2676 3730 obscuritate

424 3781 669 3862 tectuS,
702 3778 1020 3846 inimicos
1045 3778 1324 3868 impune
1343 3777 1727 3844 lacessendi
1756 3777 2027 3862 copiam
2062 3775 2192 3842 sibi
2219 3776 2367 3861 ipse
2391 3775 2670 3841 fecerat.

512 3894 679 3959 Haec
713 3901 871 3959 sunt
905 3910 1190 3976 genera,
1228 3911 1409 3975 quae,
1448 3910 1492 3957 a
1525 3892 1746 3958 Fabro
1783 3890 2046 3974 ignota,
2084 3889 2406 3956 Sibiletus
2441 3888 2679 3955 definit

425 4009 493 4072 et
524 4005 986 4087 commendat,
1021 4005 1079 4073 si
1115 4006 1200 4072 iis
1230 4004 1502 4091 epicum
1533 4023 1814 4072 carmen
1843 4003 2204 4085 adicimus,
2235 4004 2319 4069 de
2353 4022 2488 4087 quo
2518 4021 2678 4089 pau-

426 4118 703 4184 cissima
733 4119 983 4210 tradit:
1023 4117 1226 4202 hujus
1260 4118 1444 4184 enim
1477 4121 1796 4184 naturam
1843 4116 2016 4182 adeo
2061 4135 2273 4201 prave
2306 4115 2672 4199 intellegit,

477 4341 538 4396 (l)
563 4357 588 4380 «ι
607 4341 844 4396 Dialogue
866 4345 1002 4386 entre
1029 4342 1245 4397 bergen,
1267 4342 1473 4386 tranans
1499 4352 1618 4386 sous
1638 4351 1822 4398 propos
1843 4342 1893 4385 et
1919 4342 2102 4385 termes
2121 4341 2404 4396 pastor-aux,
2434 4340 2590 4382 morts
2616 4337 2678 4382 de

426 4407 932 4529 {ssrilssislnii-lemiws
967 4408 1027 4453 de
1054 4412 1231 4465 temps
1267 4408 1514 4453 mutation
1542 4408 1603 4452 de
1630 4407 1922 4464 republique
1954 4409 2004 4451 et
2027 4407 2171 4451 telles
2200 4407 2380 4450 choses
2411 4416 2531 4449 sous
2560 4404 2681 4449 alle-

428 4549 433 4554 “
478 4551 540 4610 (2)
567 4552 678 4598 Lib.
700 4554 759 4610 11,
781 4564 889 4609 cap.
912 4554 975 4598 X.

476 4631 542 4688 (e)
568 4633 707 4688 lbid„
730 4643 838 4689 cap.
861 4632 946 4677 IX.

481 4707 544 4763 (4)
573 4707 926 4765 Coq-ad’asne.
