3561 5729
1379 636 1699 695 -11-

409 782 545 848 culi
580 786 846 868 partem
881 781 1124 848 referri
1160 782 1383 848 debet.
1436 781 1614 848 Satis
1648 784 1753 848 est
1798 785 2213 867 argumenti,
2251 785 2433 868 quod
2478 785 2675 869 igno-

407 898 555 963 tum
588 898 931 981 quendam
971 896 1159 963 Artis
1200 896 1491 984 poeticae
1520 900 1875 963 auctorem
1915 916 2035 982 per
2070 898 2303 965 omnia
2336 900 2670 984 sequitur,

410 1007 525 1091 qui
567 1008 1053 1091 .regnantibus
1133 1007 1478 1075 Ludovico
1545 1008 1910 1075 undecimo
1972 1012 2040 1074 et
2122 1010 2367 1077 Carolo
2429 1014 2674 1078 octavo

408 1120 715 1205 vigebat.
780 1122 997 1205 Hujus
1061 1138 1359 1203 nomen,
1440 1121 1755 1205 quamvis
1829 1122 1938 1188 vel
2013 1123 2356 1190 Jordanus
2405 1124 2487 1211 (1)
2525 1148 2528 1151 Α
2564 1125 2675 1192 vel

409 1236 709 1302 Joannes
771 1234 1150 1302 caletensis
1199 1233 1281 1321 (2)
1344 1238 1629 1301 vocatus
1681 1254 1834 1302 esse
1890 1236 2232 1316 videatur,
2291 1237 2364 1303 in
2414 1238 2676 1306 incerto

411 1349 711 1434 positum
742 1352 847 1415 est
887 1364 900 1415 ε
950 1345 1408 1436 Infortunati
1441 1353 1978 1433 cognomentum
2017 1350 2148 1417 sibi
2186 1351 2333 1437 ipse
2363 1370 2680 1438 assump-

411 1462 522 1529 sit.
562 1462 792 1551 Operi,
826 1462 1009 1546 quod
1058 1461 1525 1528 Infortunatus
1564 1464 1974 1552 composuit,
2027 1464 2267 1531 titulus
2311 1470 2416 1532 est
2454 1481 2469 1532 :
2505 1466 2681 1533 [αν-

412 1574 539 1643 din
575 1574 657 1644 de
679 1574 1040 1667 plaisance
1078 1578 1143 1643 et
1182 1573 1372 1664 fleur
1404 1575 1487 1644 de
1527 1576 1923 1667 rhetor-ique
1948 1577 2061 1665 (3).
2102 1579 2336 1647 Multis
2371 1581 2680 1647 omnium

414 1696 833 1778 poematum,
877 1710 1034 1777 quae
1077 1697 1225 1759 tum
1264 1693 1334 1759 in
1368 1711 1500 1760 usu
1544 1693 1769 1777 posita
1806 1696 2028 1775 erant,
2081 1693 2419 1779 exemplis
2460 1697 2679 1762 totum

417 1825 615 1892 paene
663 1806 986 1873 volumen
1035 1809 1334 1891 constat3
1386 1806 1717 1891 quidquid
1761 1806 1851 1872 ad
1899 1807 2239 1892 poeticam
2270 1810 2490 1875 artem
2525 1827 2682 1897 per-

416 1921 589 1988 tinet
620 1921 1080 2006 quadraginta
1112 1921 1525 2008 paginarum
1560 1922 1841 1988 modum
1880 1940 2020 1989 non
2068 1922 2447 2006 egreditur.
2487 1925 2682 1990 Hanc

417 2035 694 2120 quidem
737 2043 1029 2120 partem,
1076 2053 1469 2119 quanquam
1520 2035 1736 2102 multo
1770 2037 1919 2120 jam
1965 2037 2125 2102 ante
2170 2039 2444 2103 sextum
2498 2037 2684 2104 deci-

417 2170 605 2217 mum
644 2151 978 2218 saeculum
1012 2155 1323 2240 tempore
1353 2151 1759 2217 Infortunati
1808 2170 1981 2237 opus
2024 2151 2285 2218 editum
2331 2151 2482 2235 suit,
2530 2153 2688 2219 dili-

417 2268 664 2351 genter
706 2265 1134 2350 perpendere
1167 2283 1210 2330 a
1250 2264 1602 2350 proposito
1636 2267 1875 2331 nostro
1919 2283 2059 2332 non
2097 2265 2560 2333 abhorrebat:
2598 2303 2686 2314 —

416 2396 748 2462 magnum
792 2378 977 2444 enim
1017 2396 1250 2462 operae
1289 2377 1588 2462 pretium
1629 2380 1733 2444 est
1779 2377 1953 2444 illud
1997 2378 2431 2445 manifestius
2473 2395 2688 2464 appa-

419 2512 598 2574 rere,
634 2494 882 2578 quibus
910 2493 1174 2560 scilicet
1201 2492 1496 2560 vinculis
1522 2493 1700 2560 inter
1725 2513 1801 2560 se
1823 2494 2304 2561 contineantur
2328 2495 2686 2579 utriusque

419 2606 655 2673 saeculi
690 2608 939 2692 poetae,
977 2606 1089 2672 vel
1119 2606 1233 2690 qui
1257 2606 1570 2673 ultimam
1601 2607 1819 2691 quinti
1843 2607 2092 2674 decimi
2119 2608 2357 2674 saeculi
2388 2611 2682 2692 partem,

417 2719 528 2785 vel
563 2719 678 2802 qui
714 2719 889 2785 sexti
927 2719 1176 2785 decimi
1219 2720 1482 2804 primos
1527 2738 1746 2787 annos
1787 2722 2064 2788 tenent:
2111 2757 2199 2767 ——
2228 2721 2350 2787 sed
2382 2719 2503 2785 illa
2535 2719 2688 2806 ipsa

419 2832 742 2917 cognatio
790 2836 931 2899 tam
980 2835 1132 2898 arta
1184 2835 1311 2914 est,
1360 2835 1434 2901 ut
1489 2833 1562 2899 in
1604 2834 2011 2901 Infortunati
2057 2836 2223 2901 Arte
2268 2833 2686 2901 immorandi

418 2950 617 3016 nobis
676 2948 1179 3015 immunitatem
1235 2948 1464 3016 faciat.
1532 2951 1750 3035 Hujus
1816 2950 2002 3017 enim
2052 2952 2275 3017 Faber
2338 2952 2690 3039 praecepta

420 3063 765 3142 adsciscit,
805 3080 1045 3129 versus
1075 3080 1199 3151 pro
1234 3063 1573 3152 exemplis
1605 3064 1831 3144 affert,
1868 3065 2081 3130 verba
2114 3064 2266 3152 ipsa
2299 3052 2687 3148 saepissime

420 3179 729 3262 usurpat.
770 3176 1150 3242 Amborum
1191 3176 1470 3260 quidem
1512 3194 1801 3261 operum
1845 3195 1982 3243 non
2019 3177 2202 3243 idem
2236 3180 2341 3244 est
2375 3177 2580 3263 ordo;
2619 3179 2692 3242 at

419 3291 662 3357 eadem
701 3308 983 3374 prorsus
1016 3290 1338 3357 materies
1372 3308 1453 3356 ac
1488 3290 1854 3376 disciplina
1884 3310 1899 3378 ;
1941 3310 2067 3358 nec
2107 3292 2471 3377 quicquam
2507 3291 2688 3377 apud

423 3405 927 3471 Insortunatum
970 3404 1380 3489 reperimus,
1448 3405 1630 3489 quod
1679 3407 1901 3472 Faber
1955 3408 2042 3472 ab
2093 3425 2176 3471 eo
2222 3425 2359 3474 non
2407 3406 2497 3473 sit
2539 3425 2692 3473 mu-

421 3521 672 3586 tuatus.
729 3518 1049 3585 Intimam
1107 3517 1321 3602 igitur
1367 3519 1724 3604 utriusque
1776 3520 2112 3588 doctrinae
2165 3521 2690 3605 congruentiam

423 3632 658 3717 paucis
705 3631 815 3697 his
872 3632 1102 3698 verbis
1153 3636 1395 3698 notare
1447 3632 1616 3699 satis
1666 3632 2029 3715 habemuS,
2088 3635 2162 3698 ut
2217 3634 2395 3700 sexti
2444 3634 2691 3700 decimi

420 3748 657 3814 saeculi
703 3748 975 3814 initium
1019 3749 1107 3814 ad
1147 3748 1442 3833 proximi
1491 3749 1730 3815 saeculi
1780 3751 1989 3816 finem
2038 3749 2187 3815 sine
2238 3750 2382 3816 ulla
2416 3753 2693 3817 contro—

420 3864 651 3930 versia
676 3864 991 3930 revocari
1021 3867 1091 3930 et
1119 3863 1362 3931 referri
1396 3865 1612 3954 possit
1648 3863 1764 3950 (4).

474 4107 537 4160 (1)
552 4105 760 4150 verardi
782 4105 954 4157 editio.
977 4107 1061 4152 tol.
1080 4107 1124 4152 9.

474 4182 536 4236 (2)
554 4182 693 4235 Ibid„
714 4182 796 4226 fol.
820 4182 897 4228 136
917 4185 967 4227 et
990 4182 1082 4227 139.

474 4261 533 4316 (3)
552 4279 575 4301 ιι
598 4261 979 4306 Nouvellement
1006 4260 1233 4317 imprime
1254 4260 1282 4305 a
1312 4262 1468 4306 PariS.
1488 4277 1512 4300 n
1546 4261 1801 4318 Opusculo
1833 4274 1924 4306 uec
1955 4274 2115 4306 annus
2147 4273 2236 4306 nec
2263 4262 2482 4307 auctoris
2511 4274 2694 4307 nomen

424 4329 506 4372 vel
530 4331 912 4382 cognomentum
934 4329 1233 4384 inscriptum
1253 4330 1346 4372 est.

477 4405 666 4458 (4)Non
694 4404 785 4449 abs
814 4415 866 4448 re
894 4407 1060 4449 tamen
1093 4404 1187 4448 erit
1216 4405 1506 4449 Intortunati
1534 4404 1705 4449 Artem
1736 4406 1982 4461 poeticam
2013 4405 2230 4450 breviter
2258 4406 2353 4450 hoc
2382 4406 2560 4451 saltem
2583 4407 2696 4452 loco

426 4481 798 4524 recognoscere.
825 4494 878 4502 —
896 4471 1078 4515 Decem
1103 4473 1221 4515 sunt
1245 4471 1410 4527 capita
1434 4485 1445 4513 :

479 4536 517 4580 1.
535 4559 588 4568 —
608 4535 850 4580 Definitur
868 4537 1132 4581 rhetorice.

485 4603 543 4646 11.
566 4625 619 4634 -
640 4603 981 4647 Recensentur
1000 4603 1188 4658 antiqui
1208 4603 1402 4647 Artium
1421 4602 1724 4658 poeticarum
1743 4605 1987 4648 auctores,

484 4669 565 4713 111.
593 4693 644 4701 —
664 4669 967 4714 Describitur
987 4670 1139 4713 totius
1161 4670 1388 4730 opusculi
1408 4670 1544 4722 ordo,
