3561 5729
1632 1001 2365 1099 PRAEFATIO

972 1374 1199 1448 Nulla
1249 1394 1589 1468 unquam
1642 1380 1820 1446 aetas
1875 1373 2091 1470 plura
2142 1373 2234 1445 de
2286 1373 2570 1469 poetica
2627 1395 2842 1470 opera
2901 1397 3127 1469 quam

876 1505 1173 1572 sextum
1209 1498 1587 1570 decimum
1625 1496 1987 1569 saeculum
2027 1497 2243 1569 nobis
2277 1497 2616 1592 reliquit;
2670 1498 2877 1569 nulla
2924 1500 3129 1570 enim

874 1624 958 1694 in
1014 1629 1227 1696 aetate
1298 1628 1577 1694 tantam
1639 1621 2254 1693 vicissitudinum
2313 1622 2747 1694 varietatem
2806 1629 3130 1719 expertae

877 1755 1054 1820 sunt
1087 1747 1514 1819 domesticae
1566 1746 1861 1818 litterae.
1922 1746 2327 1842 Praecipuae
2378 1745 2586 1817 illius
2625 1746 2881 1819 saeculi
2914 1751 3131 1819 Artes

876 1868 1183 1965 poeticae
1233 1869 1315 1940 in
1361 1868 1503 1940 hoc
1551 1866 1907 1964 opusculo
1953 1867 2536 1963 perpendentur.
2585 1868 2754 1939 Non
2796 1889 2970 1939 vero
3011 1889 3134 1939 so-

877 1994 1039 2064 lum
1070 1993 1150 2064 in
1182 1992 1432 2063 animo
1463 1992 1831 2064 habemus
1870 1991 1963 2063 ad
1993 1992 2071 2064 id
2103 2013 2400 2087 operam
2446 1992 2642 2077 dare,
2686 2000 2792 2080 ut,
2835 2014 3004 2087 quae
3051 1993 3134 2064 in

877 2116 973 2187 iis
1035 2122 1399 2211 praecepta
1469 2114 1880 2233 tradantur,
1951 2115 2278 2187 studiose
2360 2121 2829 2211 repetamus;
2901 2117 3133 2187 immo

880 2243 1099 2314 nobis
1138 2242 1280 2313 hoc
1327 2242 1745 2336 praesertim
1792 2245 1903 2313 est
1943 2241 2429 2337 propositum,
2487 2248 2571 2313 ut
2612 2262 2706 2312 ex
2743 2241 2875 2312 illa
2923 2242 3136 2335 quasi

883 2360 1393 2461 recognitione
1438 2366 1841 2437 continuos
1891 2366 2136 2460 poesis
2183 2371 2455 2437 nostrae
2492 2387 2927 2461 progressus
2958 2365 3140 2438 dili-

884 2495 1149 2584 genter
1181 2508 1744 2582 persequamur.
1787 2489 2041 2581 Itaque
2071 2509 2221 2558 non
2258 2488 2453 2559 intra
2483 2488 2815 2583 ipsarum
2843 2489 3138 2560 Artium

884 2610 1076 2683 fines
1101 2619 1428 2682 nostram
1460 2611 1656 2682 hanc
1681 2611 2385 2683 commentationem
2407 2611 3131 2697 circumscribemus,

886 2736 1017 2808 sed
1067 2759 1162 2808 ex
1212 2735 1534 2830 singulis
1570 2736 1877 2808 Artibus
1921 2735 2250 2830 aliquam
2305 2736 2615 2830 aequalis
2658 2737 2899 2831 poesis
2945 2736 3140 2808 ima-

888 2858 1144 2953 ginem
1210 2857 1479 2952 ducere
1537 2858 2001 2930 conabimur.
2077 2859 2264 2931 Cum
2319 2858 2524 2930 enim
2576 2857 2828 2954 plures
2881 2866 3140 2930 vatum

889 3003 1157 3077 greges
1212 2988 1417 3053 sexto
1482 2982 1768 3053 decimo
1820 2981 2091 3053 saeculo
2153 2982 2489 3054 vicissim
2538 2980 2948 3068 floruerint,
3013 3001 3143 3052 sua

890 3104 1162 3198 cuique
1195 3114 1304 3174 est
1333 3103 1624 3198 propria
1657 3111 1729 3175 et
1760 3103 2160 3199 peculiaris
2211 3104 2499 3174 Poetica
2542 3129 2555 3173 :
2613 3103 2814 3175 unde
2849 3108 3149 3198 apparet

890 3224 1091 3297 nihil
1126 3224 1367 3319 magis
1415 3225 1777 3296 interesse
1827 3225 1918 3296 ad
1959 3224 2501 3320 explorandum
2559 3225 2851 3320 gallicae
2906 3225 3151 3320 poesis

892 3346 977 3418 in
1013 3345 1272 3418 eadem
1320 3353 1534 3418 aetate
1570 3346 2059 3434 curriculum,
2112 3369 2336 3442 quam
2377 3347 2508 3419 illa
2555 3368 2774 3443 opera
2809 3347 3146 3432 scrutari,

895 3472 1171 3566 quibus
1234 3470 1559 3566 singulae
1616 3479 2003 3567 poetarum
2055 3473 2269 3566 quasi
2311 3472 2617 3544 familiae
2672 3471 3151 3567 disciplinam

896 3594 1460 3688 doctrinamque
1500 3616 1713 3664 suam
1745 3594 2320 3666 mandaverunt.

994 3720 1062 3787 A
1098 3716 1333 3788 Fabro
1365 3717 1869 3810 Gratianoque
1904 3717 2162 3788 Pontio
2200 3723 2311 3789 est
2348 3717 2682 3788 initium.
2732 3717 2792 3787 Ii
2843 3736 3014 3788 vero
3060 3714 3151 3786 ad

899 3842 1359 3938 superiorem
1399 3843 1644 3938 potius
1693 3851 1987 3915 aetatem
2039 3843 2450 3939 respiciunt
2497 3869 2508 3913 :
2563 3843 2958 3915 consenuit
3009 3841 3153 3912 du—

901 3968 1083 4038 dum
1112 3967 1382 4039 mediae
1417 3968 1653 4039 aetatis
1701 3969 1970 4063 poesiS,
2024 3975 2120 4055 et,
2173 3969 2264 4041 ad
2304 3967 2611 4040 alteram
2653 3968 2865 4062 quasi
2902 3966 3156 4038 infan—

902 4090 1082 4162 tiam
1109 4067 1468 4176 revoluta‚
1505 4089 1659 4160 suis
1685 4089 1925 4185 ipsius
1957 4090 2261 4185 ineptiis
2287 4090 2537 4161 nescio
2564 4112 2710 4184 qua
2731 4088 3156 4185 puerilitate

901 4210 1271 4307 indulget.

998 4337 1165 4407 ‚Iam
1201 4336 1494 4408 Sibileti
1546 4342 1710 4422 Am,
1755 4339 1888 4432 qui
1927 4341 2290 4410 Marotum
2328 4358 2459 4432 pro
2498 4336 2851 4432 magistro
2900 4335 3149 4419 habet,

904 4460 1767 4554 GraecambLatinamque
1801 4462 2324 4555 antiquitatem
2360 4460 2685 4532 redolere
2715 4459 2934 4554 coepit
2974 4483 2986 4528 :
3027 4456 3156 4529 sed

904 4582 1157 4678 gallici
1210 4583 1503 4679 ingenii
1550 4606 1766 4672 vena.
1834 4583 2180 4678 quamvis
2228 4605 2318 4656 ex
2370 4589 2708 4658 veterum
2769 4580 3156 4676 exempla-
