3561 5729
1870 601 2152 663 -8-

872 747 955 818 in
995 746 1179 818 duas
1217 754 1464 842 partes
1498 747 1975 842 aequabiliter
2006 747 2616 820 distribuendum
2649 748 2756 819 sic
2812 747 3134 835 videtur,

872 879 959 943 ut
992 870 1220 943 altera
1250 872 1341 944 ad
1374 872 1706 944 mediam
1741 878 2038 945 aetatem
2072 873 2455 959 referatur,
2496 873 2579 944 in
2608 872 2837 945 altera
2879 879 3142 944 autem

872 995 1150 1066 veteris
1190 994 1610 1091 disciplinae
1660 995 1907 1068 subita
1945 995 2290 1089 quaedam
2322 995 2801 1067 commutatio
2855 995 3141 1090 impro—

872 1119 1032 1191 viso
1063 1117 1217 1191 fiat.
1245 1119 1413 1203 Sed,
1443 1121 1846 1214 quamvisa
1868 1120 2269 1216 posteriore
2298 1119 2555 1192 saeculi
2577 1128 2783 1216 parte
2813 1120 3139 1216 priorem

867 1239 1094 1334 longe
1129 1238 1547 1335 discrepare
1578 1261 1732 1311 non
1764 1238 2252 1311 infitiandum
2283 1240 2404 1327 sit,
2436 1239 2640 1311 haud
2673 1237 2837 1311 fieri
2864 1245 3129 1334 potest,
3245 1323 3251 1328 ,

871 1370 954 1434 ut
988 1362 1199 1433 nulla
1225 1363 1306 1434 in
1335 1364 1579 1459 priore
1631 1364 1913 1436 indicia
1951 1370 2376 1459 appareant,
2426 1363 2627 1435 unde
2666 1364 2912 1458 poesis
2958 1384 3140 1435 nos-

874 1493 1007 1557 trae
1072 1485 1165 1557 ad
1248 1494 1592 1558 veterum
1676 1487 2178 1559 imitationem
2268 1487 2703 1559 restauratio
2794 1487 3140 1584 portendi

879 1613 1124 1700 queat,
1169 1608 1470 1701 qualem
1509 1609 1938 1680 Ronsardus
1974 1608 2287 1703 ejusque
2343 1608 2565 1680 amici
2620 1617 3133 1704 susceperunt.

878 1730 1058 1800 Haec
1091 1737 1337 1801 autem
1372 1731 1529 1826 ipsa
1562 1732 1778 1827 signa
1810 1732 1892 1803 in
1928 1732 2399 1826 superiorum
2430 1752 2797 1803 annorum
2831 1732 3141 1804 Artibus

875 1852 1186 1945 poeticis
1225 1851 1440 1925 facile
1482 1853 2160 1950 deprehendemus

973 1976 1285 2047 Sextum
1375 1976 1754 2049 decimum
1825 1976 2188 2049 saeculum
2250 1999 2291 2048 a
2368 1977 2665 2050 Cretino
2731 1999 2972 2070 usque
3048 1978 3139 2050 ad

876 2096 1338 2169 Malherbam
1377 2105 1603 2195 patet.
1671 2100 1816 2173 Sed
1855 2122 2232 2195 nusquam
2283 2101 2528 2197 poesis
2561 2110 2833 2173 nostrae
2867 2122 3140 2197 perpe-

879 2227 1053 2291 tuus
1120 2229 1334 2293 tenor
1393 2224 1638 2294 subito
1702 2222 2027 2316 quodam
2085 2223 2295 2294 hiatu
2353 2223 2951 2317 interrumpitur.
3025 2225 3138 2294 Ex

876 2341 1113 2414 Fabro
1160 2343 1253 2414 ad
1300 2344 1726 2431 Sibiletum‚
1795 2366 1890 2415 ex
1946 2343 2255 2416 Sibileto
2310 2345 2401 2416 ad
2461 2344 2966 2431 Pelletarium‚
3042 2365 3138 2415 ex

876 2464 1267 2537 Pelletario
1322 2465 1415 2537 ad
1470 2466 1983 2552 Valkelinum²
2033 2486 2167 2561 per
2221 2466 2497 2561 gradus
2545 2465 2907 2561 quosdam
2962 2485 3138 2560 pro-

880 2589 1164 2682 gressio
1193 2578 1307 2661 fitg

978 2711 1091 2782 Ab
1139 2732 1221 2782 eo
1266 2718 1514 2783 autem
1559 2718 1890 2807 tempore
1942 2733 2087 2806 quo
2120 2710 2563 2783 Valkelinus
2601 2715 2860 2784 Artem
2892 2710 3141 2783 condi-

878 2835 1012 2918 dit,
1090 2836 1444 2908 universa
1501 2840 1948 2931 summaque
2019 2836 2443 2908 domesticae
2512 2836 2820 2932 poeticae
2896 2834 3138 2930 figura

872 2962 1301 3058 praescripta
1334 2968 1469 3048 est,
1509 2961 1812 3055 qualem
1847 2961 2230 3034 Malherba
2267 2961 2425 3057 ipse
2461 2969 2533 3033 et
2565 2960 2859 3032 Bolaeus
2890 2980 3137 3030 emen-

878 3084 1164 3157 dabunt
1206 3084 1539 3178 quidem,
1587 3106 1742 3156 non
1779 3105 1958 3164 vero
2013 3085 2550 3157 immutabunt.
2605 3087 2720 3156 Ex
2754 3081 3138 3153 Valkelini

880 3210 1058 3278 Arte
1108 3207 1542 3278 recentioris
1585 3208 1669 3278 in
1721 3207 2035 3279 Francia
2077 3207 2321 3302 poesis
2361 3206 2690 3302 origines
2728 3212 3138 3297 utcumque

883 3329 1308 3424 repetendae
1344 3337 1544 3401 sunt.
3105 3320 3109 3324 ’
