3561 5729
1293 605 1614 667 ...99-

336 749 692 831 Bellaium‚
730 750 846 834 qui

474 965 843 979 .....
949 913 1244 998 quittant
1268 916 1452 980 ceste
1482 933 1897 981 amoureuse
1934 915 2209 982 flamme

463 1027 776 1093 Premier
801 1028 877 1094 fit
909 1027 974 1093 le
1012 1031 1259 1094 sonnet
1298 1028 1512 1094 sentir
1542 1047 1668 1095 son
1698 1027 2128 1114 epigramme
2163 1026 2270 1115 (l).

339 1179 685 1267 Portaeum
719 1199 1040 1284 denique,
1077 1200 1194 1284 qui

466 1360 633 1427 Plus
662 1379 794 1444 que
829 1361 1083 1427 devant
1111 1379 1361 1428 encore
1397 1360 1676 1428 escrivit
1699 1337 2112 1428 doucement
2146 1360 2253 1449 (2).

423 1538 753 1614 Quamvis
810 1539 1097 1605 satiram
1156 1537 1402 1605 Galliae
1458 1538 1778 1605 intulisse
1830 1557 1905 1605 se
1961 1539 2388 1624 profiteatur,
2451 1558 2594 1606 non

338 1647 616 1731 ignorat
661 1647 1016 1715 satiricum
1067 1666 1315 1731 genus,
1354 1648 1533 1732 quod
1571 1649 1722 1733 ipse
1771 1667 1860 1714 ex
1892 1648 2158 1713 Horatii
2209 1648 2595 1715 imitatione

337 1762 735 1847 assumpsit,
798 1762 939 1827 alia
993 1762 1291 1846 quadam
1338 1762 1803 1847 appellatione
1860 1763 2178 1828 indutum
2240 1781 2327 1828 ex
2407 1763 2595 1828 omni

336 1876 675 1942 memoria
727 1876 798 1941 in
857 1877 1082 1964 patria
1132 1876 1474 1955 floruisse,
1533 1895 1663 1942 nec
1722 1878 1899 1943 adeo
1972 1876 2333 1962 imperitus
2389 1880 2496 1943 est
2520 1880 2596 1944 ut

339 1989 696 2056 nominum
727 1989 1286 2055 dissimilitudine
1318 1989 1736 2073 decipiatur:

407 2232 416 2239 ν
471 2155 556 2218 Et
588 2172 854 2219 comme
889 2172 1016 2219 nos
1050 2153 1378 2235 Franqois
1408 2153 1509 2219 les
1535 2153 1872 2238 premiers
1903 2172 1990 2219 en
2024 2155 2377 2219 Provence

472 2269 575 2335 Du
609 2272 854 2334 sonnet
882 2286 1264 2333 amoureux
1299 2267 1704 2333 chanterent
1736 2266 2179 2349 l'excelence,

491 2433 1215 2449 .........
1320 2382 1406 2447 ils
1437 2385 1555 2447 ont
1579 2383 1765 2448 aussi
1803 2382 2087 2448 chantez

474 2498 604 2562 Les
638 2498 915 2581 Satyres
946 2496 1246 2581 qu'alors
1283 2496 1367 2561 ils
1398 2496 1823 2562 nommoient
1857 2497 2237 2562 SirventeZ.

472 2612 748 2700 Depuis‚
788 2612 890 2677 les
921 2629 1083 2695 coqs
1112 2612 1152 2676 a
1177 2611 1394 2677 l'asne
1425 2612 1467 2675 a
1493 2630 1607 2676 ces
1636 2630 1796 2677 vers
1831 2609 2305 2691 succederent,

473 2726 615 2799 Que
651 2726 753 2791 les
784 2725 1082 2791 rimeurs
1107 2724 1408 2805 franqois
1436 2726 1590 2807 trop
1625 2722 2020 2807 longtemps
2054 2722 2529 2808 possederent,
2566 2762 2573 2769 -

475 2839 649 2905 Dont
678 2840 901 2904 Marot
929 2838 1047 2904 eut
1075 2836 1441 2903 l'honneur
1469 2835 1579 2923 (3).
1626 2857 1659 2899 »

340 3005 491 3068 Jam
526 3020 690 3068 vero
721 3001 809 3066 ad
844 3000 1110 3066 Latinae
1146 2999 1378 3065 satirae
1405 2998 1699 3064 sormam
1734 3017 1888 3064 sese
1923 3001 2154 3084 poetae
2198 2999 2504 3083 fingunt:
2593 3073 2600 3082 ,

492 3228 1038 3243 .......
1145 3175 1603 3272 aujourd'huy
1635 3174 1961 3240 toutefois

478 3294 571 3358 Le
606 3292 846 3376 Satyre
875 3290 1046 3357 latin
1078 3290 1226 3356 s'en
1256 3290 1446 3355 vient
1474 3291 1655 3355 estre
1685 3289 1987 3371 francois
2019 3286 2124 3373 (4).

433 3467 533 3532 Ne
591 3466 1009 3531 cantilenam
1077 3464 1355 3548 quidem
1408 3462 1820 3528 Valkelinus
1881 3461 2153 3527 omittit.
2224 3464 2599 3547 Postquam

346 3580 529 3646 enim
551 3580 865 3645 versibus
893 3577 1203 3645 musicen
1230 3581 1299 3643 et
1331 3577 1766 3642 saltationem
1795 3576 1978 3660 apud
2004 3579 2277 3641 nostros
2303 3578 2601 3659 majores

347 3692 690 3760 artissime
725 3693 1125 3776 conjunctas
1159 3709 1311 3757 esse
1337 3690 1770 3771 memoravit,
1806 3690 2190 3775 priscorum
2210 3694 2598 3778 temporum

349 3805 422 3872 in
453 3805 588 3871 hoc
621 3823 880 3888 genere
913 3803 1201 3870 lascivia
1226 3821 1378 3869 sese
1414 3802 1743 3868 delectari
1784 3802 2066 3867 fatetur:

480 3966 824 4034 Chantant
856 3983 942 4030 en
966 3981 1096 4030 nos
1130 3963 1370 4029 festius
1404 3962 1578 4028 ainsi
1614 3961 1716 4027 les
1751 3980 1886 4027 vau
1922 3961 2007 4026 de
2038 3960 2185 4025 vire

482 4080 610 4155 Qui
641 4081 912 4147 sentent
943 4078 1009 4144 le
1047 4078 1184 4144 bon
1212 4082 1435 4162 temps
1468 4094 1579 4141 me
1607 4076 1752 4140 sont
1786 4092 2036 4140 encore
2066 4074 2203 4139 rire
2241 4072 2351 4160 (5).

405 4338 462 4395 (1)
493 4337 601 4382 Lib.
624 4337 659 4380 1.

403 4417 465 4472 (2)
494 4416 614 4458 mia.

404 4495 468 4550 (3)
495 4493 601 4537 Lu).
624 4493 684 4537 11.

406 4577 469 4630 (4)
493 4576 614 4617 ma.

405 4657 472 4708 (5)
498 4657 620 4699 unu.
