3561 5729
1352 697 1673 757 ...55-

380 841 473 908 ad
508 841 957 907 Valkelinum
995 842 1364 927 epistulam
1402 842 1613 925 misit,
1663 862 1802 929 qua
1832 843 2251 927 hortaretur,
2287 849 2363 912 ut
2397 864 2648 935 propo-

380 955 593 1023 situm
639 974 813 1042 opus
860 956 1208 1042 extemplo
1252 955 1655 1043 susciperet.
1703 959 1857 1023 Jam
1901 958 2114 1042 igitur
2148 960 2445 1049 incepta,
2485 979 2647 1027 mox

380 1087 551 1137 vero
586 1069 1006 1152 intermissa,
1039 1074 1108 1136 et
1141 1088 1229 1136 ex
1263 1070 1536 1154 magnis
1570 1070 1956 1138 intervallis
1990 1072 2238 1139 iterum
2273 1092 2355 1140 ac
2389 1075 2648 1160 saepius

380 1185 703 1270 repetita,
750 1188 884 1253 Ars
917 1187 1212 1271 poetica,
1245 1206 1451 1271 quam
1496 1188 1641 1254 sive
1673 1188 1851 1255 vatis
1886 1189 2162 1274 publica
2209 1190 2461 1273 officia,
2499 1191 2647 1258 sive

380 1301 726 1367 bellorum
772 1301 1078 1368 civilium
1132 1303 1489 1382 tumultUS,
1538 1321 1675 1369 uno
1719 1305 1959 1369 tenore
2003 1304 2245 1369 confici
2284 1322 2425 1370 non
2467 1304 2650 1371 sive-

379 1418 565 1497 rant,
617 1416 1044 1499 octogesimo
1094 1419 1161 1482 et
1212 1435 1395 1483 nono
1444 1415 1681 1483 saeculi
1742 1435 1925 1482 anno
1972 1418 2281 1485 nondum
2331 1420 2649 1486 absoluta

380 1531 565 1615 erat3
597 1530 946 1596 sexdecim
979 1533 1241 1596 tantum
1272 1533 1429 1616 post
1456 1530 1655 1597 annis
1684 1531 1940 1598 emissa
1964 1534 2069 1598 est
2096 1534 2165 1599 et
2192 1532 2264 1598 in
2288 1532 2648 1601 hominum

378 1665 633 1713 manus
666 1646 1003 1735 pervenit.
1696 1626 1699 1631 θ
2331 1708 2340 1715 .

474 1763 580 1827 Ab
610 1760 806 1827 initio
841 1761 1017 1850 ipSO,
1056 1761 1219 1846 quid
1255 1761 1387 1828 sibi
1422 1761 1862 1848 proposuerit
1893 1765 2098 1848 poeta
2132 1763 2441 1830 declarat
2475 1779 2492 1831 :

564 1932 737 2013 Sire,
764 1933 838 2016 je
874 1934 1073 1998 conte
1103 1931 1192 1998 ici
1223 1931 1325 1999 les
1357 1934 1580 1999 beaux
1615 1933 2176 2017 enseignements

566 2048 661 2112 De
691 2046 850 2112 l’art
882 2046 968 2112 de
1003 2044 1249 2113 Poesie
1287 2049 1355 2113 et
1384 2047 1579 2130 quels
1609 2052 2235 2115 commencements

568 2162 698 2227 Les
737 2163 1019 2249 poemes
1053 2164 1173 2227 ont
1205 2180 1318 2242 eu,
1351 2162 1548 2245 quels
1582 2164 1889 2242 auteurs,
1926 2162 2155 2246 quelle
2184 2165 2373 2229 trace

564 2273 618 2339 Il
653 2274 801 2342 faut
828 2275 1085 2357 suivre,
1123 2276 1241 2360 qui
1276 2279 1441 2342 veut
1470 2276 1782 2364 grimper
1809 2276 2053 2343 dessus
2086 2278 2451 2344 Parnasse.

383 2446 648 2521 Quibus
682 2466 769 2513 ex
804 2447 1120 2514 versibus
1153 2448 1364 2515 totius
1413 2449 1642 2534 operis
1678 2449 1971 2515 sormam
2007 2448 2412 2533 intellegere
2461 2448 2644 2515 licet.

385 2559 799 2627 Valkelinus
850 2562 1140 2650 poeticae
1178 2562 1373 2646 leges
1419 2561 1629 2627 tradit
1686 2559 1804 2646 (les
1852 2559 2068 2629 beaux
2109 2559 2651 2649 enseiynements

384 2666 470 2737 de
501 2668 669 2740 l’art
701 2669 783 2739 de
810 2671 1085 2762 poe'sie),
1124 2673 1464 2763 principia
1493 2676 1561 2739 et
1594 2674 1790 2757 quasi
1835 2674 2055 2739 sontes
2095 2674 2411 2759 explorat
2440 2670 2651 2762 (quels

384 2788 979 2854 commencements
1008 2785 1105 2853 les
1131 2788 1393 2877 poemes
1424 2787 1543 2854 ont
1588 2795 1721 2866 eu),
1760 2788 2067 2874 priorum
2109 2788 2403 2873 denique
2449 2789 2651 2854 Artes

385 2902 693 2986 poeticas
736 2903 1018 2984 excutit,
1075 2908 1143 2968 et
1181 2921 1288 2984 ea,
1340 2920 1495 2987 quae
1539 2903 1688 2987 ipse
1732 2903 2073 2988 praecipit,
2126 2903 2651 2969 auctoritatibus

384 3020 750 3085 confirmat
777 3017 991 3108 (quels
1022 3020 1335 3097 auteurs,
1366 3017 1589 3108 quelle
1618 3021 1804 3087 trace
1825 3017 1883 3086 il
1914 3017 2080 3107 faut
2111 3016 2390 3105 suivrej.

474 3133 619 3198 Hoc
666 3133 866 3199 nobis
916 3132 986 3198 in
1030 3133 1262 3200 animo
1307 3137 1434 3215 est,
1484 3136 1555 3199 ut
1599 3152 1994 3218 quaeramus
2031 3133 2325 3222 primum
2365 3132 2529 3218 quid
2564 3152 2652 3198 ex

387 3246 860 3333 superioribus
913 3246 997 3312 de
1051 3246 1435 3313 carminum
1492 3251 1640 3312 arte
1689 3246 1964 3330 scriptis
2022 3246 2434 3313 Valkelinus
2481 3246 2655 3312 hau-

385 3357 697 3444 serit(l);
745 3363 1092 3445 praecepta
1143 3360 1392 3426 deinde
1427 3360 1960 3448 perpendamus,
2010 3378 2167 3443 quae
2220 3359 2304 3425 de
2357 3360 2653 3443 singulis

387 3474 734 3539 scribendi
798 3476 1173 3558 generibus
1231 3476 1511 3541 mandat
1556 3473 1680 3560 (2);
1761 3478 1909 3541 tum
1967 3475 2196 3560 poesis
2261 3475 2647 3557 historiam,

388 3588 611 3669 qualis
633 3590 720 3654 ab
748 3607 830 3655 eo
856 3588 1175 3670 traditur,
1210 3608 1792 3674 recognoscamus
1815 3588 1921 3676 (3).
1963 3589 2131 3655 Cum
2163 3608 2329 3656 vero
2352 3591 2649 3675 primum

388 3705 594 3790 caput
641 3704 728 3768 ad
773 3704 1212 3770 Aristotelem
1258 3707 1325 3771 et
1374 3706 1694 3771 Flaccum
1724 3705 1869 3771 fere
1906 3708 2125 3771 totum
2169 3705 2534 3787 referatur,
2583 3709 2652 3772 et

384 3815 472 3882 ab
508 3815 619 3882 his
649 3817 882 3883 omnia
920 3818 1329 3884 Valkelinus
1372 3823 1702 3898 assumat,
1756 3837 1913 3902 quae
1949 3819 2034 3883 de
2076 3820 2340 3884 Graecae
2381 3818 2490 3884 vel
2524 3820 2653 3884 La-

383 3930 553 3996 tinae
589 3930 818 4015 poesis
867 3931 1156 3996 historia
1190 3932 1450 4010 scribit,
1500 3933 1569 3996 in
1616 3932 1820 3997 tertio
1868 3932 1952 3997 de
1988 3931 2410 3998 Gallicarum
2444 3933 2650 3999 modo

384 4045 767 4110 litterarum
825 4044 1212 4128 originibus
1257 4049 1324 4111 et
1375 4064 1605 4126 cursu,
1651 4045 1892 4134 quales
1926 4046 2073 4133 ipse
2127 4045 2350 4126 docet,
2409 4046 2654 4130 anqui-

385 4178 642 4225 remus.
696 4160 849 4224 Jam
894 4178 1058 4224 vero
1114 4160 1690 4225 considerandum
1725 4160 1880 4240 erit,
1929 4161 2266 4243 quatenus
2311 4160 2649 4226 Ronsardi

384 4270 801 4359 discipulum
838 4273 906 4336 et
948 4271 1358 4336 sectatorem
1394 4288 1550 4336 eum
1590 4270 1803 4336 fuisse
1838 4270 1972 4335 dici
2010 4271 2228 4359 possit
2266 4269 2380 4357 (4).
2435 4270 2646 4337 Bolaei

440 4514 505 4569 (1)
533 4514 692 4570 Caput
708 4514 936 4571 primum.

439 4594 504 4648 (2)
533 4594 693 4650 Caput
711 4593 1002 4639 secundum.

442 4678 506 4732 (3)
536 4677 697 4733 Caput
715 4676 930 4722 tertium.

438 4756 503 4810 (4)
526 4754 685 4813 Caput
703 4757 945 4814 quartum.
