3561 5729
1632 995 2082 1087 SECUNDA
2139 998 2406 1087 PARS

953 1253 1020 1306 ΙΙΕ
1058 1250 1281 1307 smum
1314 1249 1446 1305 ΙΙΪΕ
1478 1249 1695 1306 mmm
1728 1249 1792 1302 ΕΤ
1826 1249 2041 1304 folum
2077 1249 2318 1315 uacuo,
2351 1249 2439 1303 0⁰!
2473 1249 2814 1317 «nullm-1⁰8
2844 1252 3086 1309 ῦΕΙδΙΙΙ·

1666 1357 1898 1413 vitutus
1931 1357 2030 1414 Εδῐ
2061 1357 2375 1415 ΙΙδῧΙΙΙΠΙΙδ

891 1576 1085 1622 Sibileti
1114 1578 1327 1634 poeticae
1361 1578 1507 1630 longe
1545 1576 1677 1621 alius
1704 1575 1843 1620 color
1877 1587 1991 1619 esse
2014 1578 2114 1631 jam
2154 1574 2364 1619 videtur.
2390 1597 2444 1607 —
2462 1574 2668 1630 Quinam
2692 1580 2851 1634 poetae
2884 1578 3139 1634 opimioris

947 1645 1144 1689 demum
1172 1645 1358 1699 segetis
1391 1644 1816 1700 exspectationem
1847 1643 2124 1687 moverint:
2158 1641 2427 1688 clarissimi
2457 1644 2585 1687 inter
2614 1655 2702 1687 eos
2726 1648 2840 1688 sunt
2871 1646 2914 1688 J.
2937 1645 3089 1700 Major
3118 1657 3145 1688 a

946 1711 1125 1767 Belgis,
1153 1712 1414 1766 HeroetuS,
1444 1710 1708 1765 BochetuS‚
1739 1710 1968 1765 Salellu8‚
1991 1709 2178 1763 Scaeva,
2204 1708 2384 1753 Pontus
2404 1708 2662 1764 Thiardus‚
2693 1709 2835 1765 Beza,
2866 1710 3176 1763 pascasius„

950 1777 1257 1821 Pelletarius.
1290 1800 1343 1808 —
1373 1778 1465 1821 Pro
1506 1775 1750 1820 Ronsardi
1786 1774 2098 1829 Pleiadisque
2141 1774 2383 1830 proximis
2417 1775 2822 1820 antecessoribus
2856 1777 2890 1819 ii
2921 1777 3028 1831 jure
3062 1777 3150 1819 ha-

947 1843 1095 1888 bendi
1117 1846 1249 1888 sunt.
1282 1866 1336 1877 -
1355 1843 1548 1887 Sibileti
1566 1843 1661 1887 Ars
1681 1853 1795 1886 cum
1814 1843 1907 1886 hac
1938 1844 2118 1885 nostrae
2138 1841 2308 1898 poesis
2340 1844 2484 1886 aetate
2515 1842 2717 1897 penitus
2747 1843 2996 1896 congrum
3027 1845 3150 1889 atta·

945 1920 1059 1953 men
1091 1909 1163 1953 Cl.
1202 1910 1389 1954 Maroto
1424 1909 1660 1954 libentius
1703 1919 1849 1963 quam
1885 1908 1999 1951 aliis
2030 1918 2085 1951 se
2115 1908 2368 1962 adjungit:
2398 1909 2546 1963 hujus
2586 1909 2780 1952 indoles
2813 1911 2863 1952 et
2899 1910 3149 1963 ingenium

947 1974 1163 2020 breviter
1179 1977 1534 2032 exprimuntur.
1556 1999 1609 2007 —
1626 1976 1742 2030 Quae
1761 1975 1822 2019 de
1844 1974 2037 2019 Sibileti
2056 1974 2158 2018 vita
2178 1974 2533 2030 acceperimus.
2555 1998 2610 2006 —
2628 1975 2763 2018 Artis
2788 1975 2994 2031 poeticoe
3018 1985 3149 2018 sum-

948 2044 1173 2088 marium.
1194 2066 1247 2075 —
1270 2043 1341 2086 De
1375 2042 1610 2087 feminina
1638 2053 1843 2087 caesura.
1865 2066 1918 2074 —
1935 2042 2006 2086 De
2033 2042 2295 2087 vocabulis
2325 2053 2388 2086 ex
2414 2043 2567 2086 latino
2599 2054 2825 2087 sermone
2859 2042 3147 2098 assumptis.

1024 2110 1092 2153 De
1118 2110 1332 2154 diversis
1360 2120 1594 2154 versuum
1621 2110 1902 2164 generibus.
1934 2134 1987 2142 —
2013 2110 2082 2154 De
2116 2111 2359 2164 rhythmis
2395 2110 2522 2154 inter
2559 2121 2613 2154 se
2648 2110 2979 2166 implicandis.
3002 2131 3055 2140 —
3077 2108 3147 2152 De

954 2175 1223 2221 subtilibus
1254 2178 1595 2231 rhythmorum
1627 2183 1959 2233 versuumque
1988 2177 2173 2233 figuris,
2206 2190 2329 2235 quas
2356 2178 2575 2223 Marotus
2604 2177 2713 2233 ipse
2738 2178 3078 2233 usurpaverat.
3098 2197 3151 2206 —

953 2243 1024 2286 De
1043 2243 1197 2287 variis
1217 2247 1496 2300 poematum
1516 2244 1778 2299 generibus
1798 2258 1809 2288 :
1829 2245 1986 2300 major
2004 2256 2172 2289 eorum
2201 2256 2334 2301 pars,
2366 2256 2473 2300 quae
2502 2245 2658 2290 Faber
2686 2245 3030 2300 descripserat,
3049 2243 3149 2296 jam

952 2310 1247 2354 exolescunt
1270 2313 1354 2355 aut
1378 2312 1725 2361 immutantur:
1754 2323 1882 2356 nova
1903 2323 2020 2356 vero
2041 2324 2103 2356 ex
2130 2314 2354 2358 veterum
2375 2312 2647 2356 imitatione
2669 2312 2783 2356 oriri
2805 2312 3071 2367 coeperunt.
3099 2333 3150 2341 —

953 2377 1205 2431 Quatenus
1236 2387 1443 2430 graecam
1481 2377 1782 2432 latinamque
1813 2378 2154 2433 antiquitatem
2193 2377 2430 2422 Sibiletus
2464 2378 2606 2421 norit.
2638 2400 2691 2409 —
2718 2377 2810 2420 His
2843 2375 3147 2432 temporibus

952 2446 1061 2501 eius
1085 2445 1180 2488 Ars
1202 2443 1461 2500 aptissima
1480 2445 1571 2496 est,
1599 2444 1779 2499 quibus
1799 2445 2073 2489 domestica
2097 2445 2240 2489 Musa
2260 2444 2381 2488 nihil
2401 2445 2534 2489 aliud
2560 2456 2705 2500 quam
2725 2445 2933 2499 primum
2955 2444 3148 2498 signum

953 2515 1001 2555 et
1026 2512 1165 2568 quasi
1188 2514 1356 2555 nutum
1383 2512 1658 2567 exspectat,
1685 2514 1742 2555 ut
1759 2511 1965 2556 liberius
1985 2511 2231 2567 latiusque
2253 2512 2481 2568 sapiendi
2498 2523 2554 2556 ac
2577 2511 2823 2557 scribendi
2852 2511 3147 2555 curriculum

952 2578 1048 2623 sibi
1068 2578 1179 2633 ipsa
1198 2577 1400 2635 aperiat.

899 2643 1012 2688 Hoc
1032 2643 1228 2696 signum
1252 2655 1278 2687 a
1300 2643 1488 2688 Bellaio
1505 2644 1662 2696 datur,
1685 2644 1829 2698 cujus
1849 2655 1912 2688 ex
1933 2646 2207 2696 Herennium
2224 2651 2264 2687 et
2284 2646 2603 2689 illustratione
2623 2645 2802 2689 nostroe
2823 2644 2992 2700 poesis
3012 2654 3149 2688 reno-

949 2710 1083 2754 vatio
1109 2711 1262 2754 sumit
1288 2712 1500 2756 initium.
1523 2734 1576 2743 —
1596 2712 1825 2755 Proximo
1858 2723 1987 2755 anno
2021 2712 2244 2757 libellum
2275 2712 2353 2756 cui
2393 2730 2416 2752 «
2436 2711 2704 2766 Quintilius
2728 2722 2946 2755 censor»
2975 2711 3146 2754 titulus

949 2779 1027 2821 est
1058 2778 1344 2834 inscriptus,
1380 2780 1632 2823 Fontanus
1660 2778 1776 2822 edit.
1802 2801 1855 2811 —-
1873 2778 2030 2822 Breve
2061 2779 2288 2834 opusculi
2321 2779 2684 2835 compendium.
2713 2803 2768 2813 -
2786 2779 3042 2822 Fontanus
3060 2787 3146 2833 pro

949 2845 1124 2889 ultimo
1146 2857 1284 2902 paene
1313 2846 1441 2890 inter
1468 2847 1561 2890 hos
1587 2847 1760 2902 poetas
1782 2845 2193 2902 adnumeranduS,
2216 2847 2299 2902 qui
2330 2847 2390 2892 ad
2416 2848 2628 2903 priorem
2651 2846 2818 2891 saeculi
2840 2848 3027 2903 partem
3045 2856 3150 2890 res-

950 2911 1155 2967 piciunt.
1186 2934 1239 2943 —
1256 2911 1390 2956 Nihil
1410 2913 1675 2966 utcumque
1702 2912 1910 2968 profecit
1938 2913 2046 2965 ejus
2074 2924 2283 2957 censura
2307 2927 2317 2956 ε
2340 2924 2456 2958 mox
2477 2914 2608 2957 enim
2635 2912 2922 2957 Ronsardus
2943 2913 3147 2969 eiusque

952 2978 1099 3023 amici
1119 2978 1541 3033 exspectationem
1561 2989 1706 3034 quam
1727 2977 1946 3023 Bellaius
1965 2981 2201 3032 moverat,
2228 2979 2451 3024 certatim
2476 2980 2816 3035 expleverunt.

989 3205 1251 3271 Novem
1280 3207 1435 3293 post
1461 3204 1686 3284 annis,
1724 3223 1932 3288 quam
1961 3205 2329 3271 Gratianus
2359 3203 2763 3289 opusculum
2793 3203 2862 3268 in
2898 3201 3148 3286 vulgus

901 3316 1250 3398 emiserat,
1299 3318 1535 3382 Artem
1580 3315 1904 3382 Sibiletus
1948 3316 2184 3396 edidit,
2234 3316 2340 3382 cui
2376 3316 2584 3399 longe
2620 3314 2797 3381 alius
2845 3314 3033 3381 color
3082 3295 3164 3378 et

901 3430 1096 3515 quasi
1147 3449 1356 3497 sonus
1399 3433 1524 3496 est.
1578 3430 1913 3496 Gallicam
1960 3430 2249 3516 poesim,
2302 3430 2577 3514 qualem
2627 3449 2710 3494 ex
2768 3429 2898 3494 hac
2951 3427 3148 3494 nobis

901 3542 1133 3607 animo
1168 3545 1432 3626 fingere
1467 3543 1650 3621 licet,
1690 3542 1980 3608 multum
2028 3544 2115 3608 ab
2161 3542 2439 3608 ineunte
2481 3541 2736 3609 saeculo
2779 3539 3148 3628 profecisse

901 3653 1262 3720 manifeste
1308 3656 1515 3738 patet.
1571 3655 1972 3748 Graecorum
2008 3653 2543 3737 Latinorumque
2591 3651 2881 3717 imitatio
2935 3669 3148 3716 novos

894 3767 1043 3850 jam
1091 3764 1312 3831 fontes
1347 3764 1927 3848 vatibusnostris
1961 3764 2275 3831 recludit.
2317 3763 2632 3829 Profecto
2678 3780 2812 3828 non
2856 3760 3150 3844 antiqui-

901 3881 1063 3947 tatis
1106 3899 1355 3966 expers
1403 3882 1622 3946 Faber
1654 3881 1915 3965 fuerat;
1955 3881 2166 3947 immo
2210 3883 2479 3946 veteres
2513 3879 2820 3945 lectitare
2856 3877 3144 3956 solebat,

904 3994 1303 4060 Ciceronem
1344 3993 1755 4081 praesertim,
1801 4011 1934 4077 quo
1975 3992 2512 4059 familiarissime
2548 3993 2885 4058 utebatur.
2932 3990 3148 4055 Infor-

902 4108 1182 4174 tunatus
1213 4107 1446 4188 etiam,
1485 4108 1542 4173 si
1579 4107 1785 4193 paulo
1831 4107 2038 4174 altius
2081 4124 2194 4172 res
2237 4104 2632 4191 repetendae
2677 4106 2860 4185 sunt,
2900 4105 3149 4169 Roma-

903 4240 1065 4286 nam
1094 4221 1403 4305 linguam
1433 4240 1572 4288 non
1601 4223 1999 4308 ignorabat3
2038 4222 2243 4305 hujus
2271 4226 2578 4307 tempore
2611 4220 2841 4285 latinis
2866 4219 3149 4285 vocibus

906 4335 1232 4419 gallicum
1255 4354 1642 4402 sermonem
1669 4337 1993 4403 resarcire
2002 4339 2149 4421 jam
2177 4340 2480 4424 coeperat
2492 4334 2945 4401 ‚doctissimus
2965 4333 3151 4417 quis-

906 4466 1038 4531 que
1077 4449 1217 4533 vir3
1261 4450 1407 4534 ipse
1444 4469 1633 4532 vero,
1672 4451 1986 4534 quamvis
2028 4450 2181 4516 haec
2216 4451 2429 4516 verba
2464 4448 2946 4537 reprehendat,
2994 4461 3147 4530 quae

908 4560 1212 4645 aequales
1276 4565 1499 4654 poetae
1559 4581 1602 4628 a
1668 4562 2016 4628 veteribus
2079 4580 2214 4627 non
2266 4561 2432 4627 satis
2479 4559 2865 4626 verecunde
2922 4576 3149 4626 sume-
