3561 5729
1339 643 1702 704 —111—

396 788 834 873 disciplinam
860 789 1200 872 sejungat.
1227 788 1671 871 Singulorum
1700 806 2037 871 generum
2067 807 2223 872 quae
2251 789 2651 857 Ronsardus

395 904 679 987 ejusque
733 902 939 969 amici
994 921 1038 968 a
1081 903 1431 969 veteribus
1485 906 2028 988 assumpserant,
2079 905 2340 989 patrias
2377 916 2654 994 semper

393 1018 704 1103 origines
733 1019 1167 1107 persequitur
1197 1034 1212 1084 ε
1249 1017 1664 1101 tragoediam
1688 1018 1775 1083 ad
1796 1015 2090 1085 morales
2117 1015 2423 1105 fabulas,
2446 1019 2652 1085 odam

391 1131 479 1197 ad
535 1131 945 1214 cantilenas,
1008 1131 1280 1216 epicum
1337 1150 1510 1218 opus
1570 1131 1657 1197 ad
1710 1135 1948 1197 vetera
2003 1132 2350 1214 gallorum
2415 1134 2651 1198 vatum

392 1246 717 1331 poemata
748 1246 1052 1310 revocat.
1087 1244 1378 1311 Graeciae
1412 1244 1687 1328 quidem
1711 1245 2089 1328 Romaeque
2123 1247 2317 1311 vates
2351 1263 2476 1333 pro
2503 1263 2650 1311 ma-

390 1358 634 1442 gistris
661 1359 874 1440 ducit,
918 1358 1040 1425 sed
1079 1377 1218 1426 non
1269 1358 1645 1425 arbitratur
1677 1358 1928 1425 mediae
1973 1359 2199 1425 aetatis
2233 1359 2495 1426 nullam
2525 1359 2651 1425 ha-

391 1473 691 1540 bendam
740 1492 893 1540 esse
947 1474 1309 1540 rationem.
1368 1472 1555 1538 Nihil
1609 1472 1681 1539 in
1719 1476 1885 1539 Arte
1939 1473 2311 1555 invenitur,
2359 1493 2446 1540 ex
2512 1492 2647 1558 quo

389 1589 638 1673 patriae
687 1588 918 1673 poesis
976 1591 1383 1676 perpetuum
1448 1590 1761 1655 tenorem
1834 1587 2082 1655 mediis
2145 1588 2388 1655 saeculi
2446 1588 2648 1656 annis

387 1705 673 1790 repente
708 1702 1169 1787 interruptum
1200 1720 1354 1769 esse
1384 1705 1748 1795 appareat,
2514 1683 2527 1697 ⁸

477 1813 672 1887 Quod
707 1814 796 1879 ad
831 1832 1221 1880 sermonem
1256 1813 1524 1894 attinet,
1563 1833 1702 1880 non
1730 1815 1935 1882 modo
1968 1815 2097 1881 hos
2132 1814 2472 1882 Ronsardi
2507 1813 2649 1881 dis-

391 1927 684 2015 cipuIOS,
727 1927 843 2011 qui
895 1928 967 1993 in
1000 1927 1346 1994 scribendi
1391 1947 1650 2012 genere
1693 1928 1866 1994 nihil
1913 1928 2107 2013 pensi
2147 1931 2266 1994 aut
2308 1928 2646 1995 moderati

390 2038 763 2114 habebant,
810 2040 1223 2107 Valkelinus
1280 2041 1613 2125 increpat,
1652 2042 1773 2107 sed
1811 2040 2019 2106 etiam
2074 2041 2274 2106 reicit
2312 2041 2644 2125 quidquid

389 2152 738 2220 liberioris
766 2153 1067 2220 licentiae
1114 2155 1515 2221 Ronsardus
1548 2156 1696 2240 ipse
1740 2157 2152 2243 sumpserat.
2204 2156 2281 2221 In
2342 2156 2646 2222 secundo

391 2269 595 2350 libro,
629 2287 786 2335 cum
826 2268 1025 2334 dulce
1075 2270 1420 2353 quoddam
1460 2271 1527 2334 et
1571 2269 2007 2334 enucleatum
2046 2269 2389 2335 scribendi
2421 2289 2645 2353 genus

389 2384 925 2465 commendavit,
989 2384 1324 2451 adversus
1361 2388 1600 2470 poetas
1643 2383 1991 2450 invehitur
2039 2384 2153 2467 qui
2191 2384 2645 2455 insolentibus

386 2496 784 2580 odiosisque
815 2496 1046 2562 verbis
1081 2496 1534 2562 domesticum
1568 2514 1961 2562 sermonem
1989 2496 2326 2563 vitiabant
2360 2513 2374 2562 τ

567 2661 651 2725 Et
678 2678 764 2725 ne
799 2658 941 2725 faut
967 2659 1278 2725 recevoir
1311 2659 1380 2724 la
1400 2661 1727 2742 jeunesse
1760 2658 2004 2725 hardie

564 2775 625 2839 A
653 2773 825 2839 faire
860 2773 1036 2840 ainsi
1072 2774 1194 2839 des
1228 2775 1406 2839 mots
1434 2792 1799 2839 nouveaux
1833 2774 1875 2837 a
1907 2772 2331 2856 l'estourdie,

565 2890 909 2954 Amenant
942 2888 1026 2954 de
1056 2889 1418 2970 Gascogne
1455 2905 1542 2952 ou
1573 2887 1658 2951 de
1686 2887 2181 2970 Languedouy,

564 3002 1025 3085 D'AlbigeoiS,
1057 3003 1142 3067 de
1170 3003 1546 3081 provence,
1586 3019 1678 3066 un
1712 3000 2015 3084 langage
2051 3001 2285 3084 inouy,

564 3118 646 3182 Et
679 3135 945 3182 comme
977 3134 1070 3181 un
1100 3115 1193 3181 du
1227 3114 1462 3179 Monin
1492 3112 1663 3179 faire
1697 3134 1833 3180 une
1863 3114 2161 3202 parlerie

563 3228 690 3303 Qui
724 3227 1045 3295 nouvelle
1075 3246 1163 3293 ne
1193 3230 1335 3293 sert
1364 3244 1495 3311 que
1531 3226 1734 3291 d’une
1767 3227 2143 3309 moquerie.

382 3406 512 3471 Illa
546 3423 712 3471 vero
735 3405 885 3488 jam
920 3403 1112 3469 addit
1151 3420 1166 3469 :

561 3567 750 3633 Ceux
783 3566 899 3650 qui
934 3565 1308 3632 cherchent
1340 3565 1462 3631 des
1495 3567 1674 3631 mots
1709 3564 2075 3649 empoulez
2108 3566 2176 3630 et
2211 3566 2458 3631 bouffis

560 3679 644 3743 Et
675 3678 798 3743 des
827 3677 1139 3743 discours
1171 3678 1454 3743 obscurs
1484 3676 1600 3760 qui
1635 3694 1720 3741 ne
1756 3679 1911 3741 sont
1946 3676 2138 3760 point
2168 3679 2384 3742 confis

563 3794 745 3858 Dans
778 3792 842 3858 le
878 3810 1076 3859 sucre
1111 3790 1435 3873 francoiS,
1473 3790 1621 3856 sont
1655 3809 1789 3857 une
1815 3792 2000 3856 faute
2035 3791 2197 3857 telle

562 3906 706 3979 Que
742 3924 918 3971 ceux
952 3904 1066 3988 qui
1096 3907 1263 3969 vont
1293 3903 1557 3987 quitant
1592 3922 1725 3969 une
1756 3904 2061 3970 fontaine
2091 3904 2271 3970 belle

561 4018 747 4084 Pour
778 4017 1013 4103 puiser
1044 4016 1129 4081 de
1159 4016 1340 4082 l’eau
1373 4021 1567 4082 verte
1598 4035 1683 4082 en
1714 4036 1807 4082 un
1841 4017 2004 4102 palu
2035 4017 2360 4101 fangeux.

381 4192 489 4258 Ad
528 4190 935 4256 audaciores
964 4190 1302 4256 Ronsardi
1343 4189 1719 4275 discipulos
1748 4190 1902 4256 haec
1945 4194 2014 4256 et
2064 4189 2229 4256 talia
2285 4194 2623 4276 spectant,

381 4304 499 4389 qui
533 4305 771 4372 nescio
805 4322 1011 4389 quam
1037 4303 1337 4386 undique
1356 4303 1800 4369 commixtam
1826 4303 2320 4370 vocabulorum
2341 4305 2641 4390 farragi-

379 4438 540 4486 nem
574 4418 1048 4502 adsciverant3
1088 4417 1209 4483 sed
1235 4416 1321 4481 ad
1353 4417 1789 4482 Ronsardum
1813 4417 2040 4505 ipsum
2070 4418 2303 4502 aliqua
2328 4438 2416 4484 ex
2444 4423 2639 4504 parte

379 4533 742 4601 transferri
777 4532 1026 4598 merito
1058 4533 1369 4616 possunt,
1407 4531 1548 4614 qui,
1586 4550 1980 4615 quanquam
2015 4531 2145 4598 hac
2179 4533 2459 4599 licentia
2494 4552 2645 4600 mo-

384 4649 648 4716 destius
706 4665 870 4712 usus
913 4648 1086 4727 erat,
1134 4644 1411 4729 signum
1462 4647 1695 4710 tamen
1738 4646 2269 4734 exemplumque
2316 4647 2638 4732 princeps
