3561 5729
1879 600 2200 664 —72....

915 747 1213 831 decidat,
1250 745 1636 814 laudandus
1682 744 1910 835 potius
1958 744 2256 826 videtur,
2308 762 2466 810 cum
2507 761 2874 829 expressas
2907 760 3168 828 angus-

913 867 1157 947 tasque
1192 862 1458 945 aliquas
1496 861 1605 927 vel
1654 859 1872 944 graeci
1908 858 2299 948 philosophi
2348 857 2457 923 vel
2500 857 2696 923 latini
2745 861 2969 942 poetae
3028 858 3166 924 for-

915 978 1140 1045 mulas
1196 977 1417 1058 cavet,
1482 993 1689 1059 quam
1758 972 2390 1058 reprehendenduS,
2454 989 2608 1037 cum
2671 970 2907 1038 Gallos
2973 974 3164 1038 vates

916 1090 1247 1159 severiori
1275 1108 1517 1156 eorum
1551 1087 1938 1176 disciplinae
1972 1085 2223 1152 subicit
2256 1103 2338 1151 ac
2384 1083 2798 1150 domesticas
2831 1083 3165 1152 Camenas

912 1205 1161 1273 alienis
1193 1203 1489 1270 vinculis
1523 1204 1789 1269 onerat.

1611 1786 2129 1852 SECUNDUM
2176 1789 2486 1852 CAPUT

1010 2049 1103 2098 DE
1148 2047 1538 2097 POEMATUM
1585 2045 1991 2095 GENERIBUS
2036 2045 2132 2095 EX
2176 2045 2646 2103 ANTIQUITATE
2692 2047 3081 2097 ASSUMPTIS

918 2276 956 2320 1.
989 2275 1061 2319 De
1098 2273 1289 2329 lyricis.
1326 2297 1380 2305 —
1413 2273 1456 2318 1·
1487 2275 1559 2319 De
1590 2275 1698 2329 oda,
1737 2276 1933 2331 qualem
1961 2276 2249 2320 Ronsardus
2277 2289 2304 2320 a
2333 2276 2543 2321 Pindaro
2582 2280 2660 2320 est
2691 2277 2941 2328 imitatus;
2979 2290 3170 2326 summa

969 2339 1295 2385 admiratione
1327 2339 1612 2396 pindaricas
1649 2342 1895 2386 Ronsardi
1937 2342 2059 2386 odas
2097 2343 2390 2386 valkelinns
2426 2344 2754 2400 prosequitur,
2806 2344 2893 2388 sed
2925 2346 3169 2391 mitiorem

970 2406 1299 2452 Anacreontis
1334 2418 1514 2452 venam
1548 2408 1820 2464 anteponit.
1851 2432 1905 2440 —
1926 2409 1975 2453 20
1996 2409 2066 2453 De
2086 2410 2286 2463 hymno.
2311 2432 2366 2440 —
2387 2408 2436 2452 3⁰
2457 2410 2527 2453 De
2547 2409 2722 2463 elegia.
2753 2433 2808 2442 -
2832 2410 2891 2454 11.
2913 2411 2986 2454 De
3018 2412 3170 2468 Epico

972 2474 1188 2518 carmine
1226 2485 1448 2528 quaenam
1493 2485 1522 2518 a
1560 2474 1899 2530 superioribus
1942 2475 2134 2518 Artium
2174 2475 2501 2530 scriptoribus
2536 2474 2715 2519 tradita
2748 2478 2946 2519 essent:
2987 2477 3173 2523 heroici

971 2540 1214 2597 poematis
1234 2540 1312 2583 vis
1338 2552 1395 2584 ac
1418 2543 1592 2585 natura
1621 2541 1682 2585 ab
1719 2542 1785 2584 iis
1812 2544 1862 2584 et
1880 2555 1906 2586 a
1935 2542 2192 2586 Ronsardo
2225 2543 2336 2598 ipso
2354 2554 2528 2599 pamm
2560 2543 2892 2597 intellegitur;
2923 2544 3172 2590 Valkelini

970 2608 1031 2651 de
1051 2607 1224 2651 eodem
1246 2617 1423 2660 genere
1442 2610 1688 2663 praecepta
1709 2608 1837 2663 epici
1860 2609 1992 2651 vatis
2009 2610 2091 2660 jus
2117 2608 2360 2661 integrum
2380 2612 2597 2653 servant.
2624 2633 2678 2642 -
2704 2610 2788 2654 111.
2814 2610 2886 2653 De
2905 2611 3173 2657 dramatico

971 2685 1166 2728 genere.
1184 2696 1238 2705 —-
1259 2675 1300 2719 1·
1320 2675 1391 2718 De
1418 2674 1670 2718 Francicae
1694 2674 1940 2727 tragoediae
1962 2676 2179 2729 origine;
2215 2675 2454 2729 tragicum
2476 2687 2601 2732 opus
2623 2677 2963 2722 severioribus
2984 2678 3176 2733 legibus

970 2741 1280 2794 Valkelinus‚
1301 2743 1356 2784 ut
1375 2752 1550 2785 omnes
1576 2742 1800 2796 ejusdem
1821 2742 2060 2797 temporis
2081 2745 2238 2798 vates,
2262 2742 2460 2787 subicit.
2496 2744 2661 2787 Poetis
2694 2743 2882 2797 suadet,
2905 2746 2960 2786 ut
2980 2745 3178 2789 domes-

974 2807 1068 2851 tica
1089 2808 1217 2851 iacta
1236 2806 1503 2850 celebrent.
1527 2829 1583 2838 —
1599 2806 1646 2852 2·
1670 2807 1741 2850 De
1763 2807 2005 2851 eomoedia
2025 2818 2182 2861 pauca
2203 2821 2229 2852 a
2250 2808 2516 2853 Valkelino
2537 2808 2823 2853 traduntur:
2846 2810 2975 2864 septi
2997 2810 3175 2854 decimi

973 2873 1144 2918 saeculi
1177 2873 1445 2928 comoediae,
1469 2885 1577 2929 quae
1607 2885 1670 2917 ex
1699 2874 1880 2929 priscis
1914 2874 2090 2917 mediae
2117 2876 2276 2918 aetatis
2304 2875 2566 2927 generibus
2596 2877 2779 2930 manat,
2813 2877 3035 2919 veterum
3069 2877 3178 2920 sive

972 2942 1218 2997 praecepta
1254 2939 1361 2984 sive
1396 2940 1625 2996 exempla
1652 2951 1750 2988 non
1783 2951 1960 2993 magno
1982 2940 2265 2993 adjumento
2300 2952 2414 2985 esse
2446 2944 2688 2996 poterant.
2719 2964 2774 2972 —
2804 2940 2848 2985 3·
2877 2942 2945 2985 De
2967 2943 3177 2996 tragico-

975 3005 1233 3050 comoedia.
1256 3029 1310 3038 —
1332 3006 1381 3050 4ο
1402 3006 1472 3049 De
1483 3006 1717 3062 pastorali
1736 3007 1956 3051 carmine
1975 3021 1985 3049 :
2007 3017 2114 3062 quae
2135 3006 2282 3051 ruerit
2299 3010 2412 3051 ante
2432 3008 2746 3052 Valkelinum
2764 3008 2913 3062 huJ'us
2930 3009 3176 3063 poematis

973 3076 1173 3123 natura;
1208 3074 1472 3126 ingenuam
1503 3074 1701 3118 rusticae
1734 3075 1906 3129 poesis
1939 3086 2121 3118 venam
2152 3086 2248 3118 non
2280 3075 2594 3119 intellexisse
2628 3076 2759 3118 sexti
2792 3076 2970 3120 decimi
3007 3076 3176 3120 saeculi

973 3142 1116 3184 vates
1135 3139 1379 3184 videntur.
1410 3163 1466 3173 —
1489 3140 1571 3184 1v.
1594 3140 1666 3183 De
1687 3140 1934 3184 didactico
1963 3151 2157 3193 genere.
2186 3164 2241 3173 —
2262 3140 2303 3184 1·
2324 3141 2394 3184 De
2415 3142 2610 3197 proprie
2640 3141 2884 3186 didactico
2913 3144 3171 3197 poemate:

973 3204 1123 3258 hujus
1142 3205 1336 3256 generis
1357 3205 1639 3261 exemplum
1659 3205 1953 3249 Valkelinus
1975 3205 2023 3248 in
2050 3205 2169 3248 Arte
2199 3205 2396 3261 poetica
2415 3206 2579 3258 tradit,
2604 3217 2759 3262 pauca
2779 3218 2897 3250 vero
2927 3210 3173 3263 praecepta

976 3269 1036 3313 de
1057 3269 1229 3312 eodem
1253 3270 1414 3325 poetis
1432 3270 1646 3315 mandat.
1668 3293 1723 3301 —
1739 3271 1786 3314 2·
1806 3271 1877 3313 De
1892 3270 2120 3326 Epistula
2140 3281 2198 3314 ac
2221 3271 2394 3320 Satira.
2420 3271 2666 3315 communi
2683 3283 2955 3314 aer-monum
2973 3272 3172 3315 nomine

976 3336 1290 3390 nuncupatis.
1324 3359 1377 3368 -—
1400 3336 1460 3381 V.
1496 3338 1567 3380 De
1603 3336 1875 3381 levioribus
1911 3340 2193 3392 poematum
2224 3338 2517 3391 generibus:
2550 3339 2623 3382 De
2653 3337 3020 3394 Epigrammata
3055 3338 3171 3396 quid

976 3403 1160 3447 sentiat
1177 3402 1488 3449 ValkelinuS.
1513 3426 1566 3435 -
1589 3402 1763 3448 Brevis
1785 3403 1938 3447 totius
1958 3403 2138 3460 capitis
2157 3404 2433 3448 conclusio.

1014 3597 1186 3665 Cum
1224 3597 1374 3680 =jam
1425 3597 1857 3682 exploratum
1913 3596 2033 3679 sit,
2091 3597 2254 3681 quid
2286 3616 2371 3665 ex
2412 3598 2884 3684 superioribus
2910 3598 2996 3664 de
3023 3599 3167 3664 arte

926 3709 1194 3795 poetica
1227 3708 1499 3793 scriptis
1540 3709 1951 3776 Valkelinus
1985 3712 2057 3775 in
2091 3709 2489 3776 universum
2530 3711 2861 3793 hauserit,
2901 3711 3176 3795 singuia

929 3819 1154 3905 poesis
1188 3837 1450 3904 genera
1478 3839 1564 3884 ex
1593 3825 1906 3886 veterum
1941 3820 2260 3905 exemplo
2301 3821 2619 3887 restituta
2662 3822 2911 3888 dehinc
2947 3840 3177 3907 perse-

926 3950 1236 4016 quemur.
1276 3931 1519 3998 Cetera
1559 3931 1768 4013 enim,
1817 3951 1973 4016 quae
2019 3933 2318 3998 mediam
2355 3952 2477 4017 per
2533 3937 2810 4000 aetatem
2845 3937 2913 4000 et
2948 3935 3174 4019 priore

925 4046 1100 4112 sexti
1145 4045 1393 4111 decimi
1418 4045 1654 4112 saeculi
1700 4049 1894 4131 parte
1927 4045 1999 4111 in
2035 4065 2164 4113 usu
2198 4049 2267 4112 et
2299 4046 2562 4113 honore
2596 4047 2889 4129 fuerant,
2920 4066 2963 4113 a
2996 4049 3179 4115 Ron-

925 4158 1130 4224 sardo
1160 4159 1442 4242 ejusque
1473 4158 1854 4243 discipuliS,
1893 4162 2148 4246 praeter
2180 4160 2549 4237 sonatum,
2579 4160 2940 4245 repudiata
2974 4163 3170 4242 sunt3

909 4290 1011 4343 ‚ea
1043 4272 1321 4356 quidem
1354 4271 1762 4338 Valkelinus
1802 4291 1942 4338 non
1978 4273 2258 4358 omittit3
2300 4274 2421 4338 sed
2464 4292 2663 4338 suum
2708 4272 2937 4338 locum
2972 4274 3176 4361 paulo

925 4384 1212 4452 inferius
1251 4385 1624 4465 habebunt,
1674 4403 1829 4450 cum
1876 4385 1959 4450 de
2005 4387 2262 4451 nostrae
2314 4385 2541 4469 poesis
2586 4385 2902 4468 historia,
2956 4386 3178 4470 qualis

926 4499 998 4564 in
1018 4501 1165 4583 ejus
1200 4502 1364 4565 Arte
1400 4499 1777 4582 effingitur,
1807 4498 2009 4565 nobis
2046 4499 2177 4564 erit
2209 4498 2680 4582 quaerendum.
2723 4499 2914 4572 Quod
2956 4502 3179 4584 poetae

926 4613 1141 4701 ipsius
1189 4612 1487 4697 vestigia
1556 4630 1694 4678 non
1768 4612 2156 4696 sequimur,
2220 4611 2426 4678 venia
2475 4612 2675 4679 nobis
2732 4612 2916 4678 haud
2988 4630 3176 4698 aegre
