<?xml version="1.0" encoding="UTF-8"?>
<!DOCTYPE html PUBLIC "-//W3C//DTD XHTML 1.0 Transitional//EN"
    "http://www.w3.org/TR/xhtml1/DTD/xhtml1-transitional.dtd">
<html xmlns="http://www.w3.org/1999/xhtml" xml:lang="en" lang="en">
 <head>
  <title>
</title>
<meta http-equiv="Content-Type" content="text/html;charset=utf-8" />
  <meta name='ocr-system' content='tesseract 3.04.00' />
  <meta name='ocr-capabilities' content='ocr_page ocr_carea ocr_par ocr_line ocrx_word'/>
</head>
<body>
  <div class='ocr_page' id='page_1' title='image "./desextidecimisa00pellgoog_0100.png"; bbox 0 0 3561 5729; ppageno 0'>
   <div class='ocr_carea' id='block_1_1' title="bbox 1902 670 2222 733">
    <p class='ocr_par' dir='ltr' id='par_1_1' title="bbox 1902 670 2222 733">
     <span class='ocr_line' id='line_1_1' title="bbox 1902 670 2222 733; baseline 0 -13"><span class='ocrx_word' id='word_1_1' title='bbox 1902 670 2222 733; x_wconf 72' lang='grc'><strong>-96-</strong></span> 
     </span>
    </p>
   </div>
   <div class='ocr_carea' id='block_1_2' title="bbox 921 814 3197 2613">
    <p class='ocr_par' dir='ltr' id='par_1_2' title="bbox 921 814 3197 2039">
     <span class='ocr_line' id='line_1_2' title="bbox 925 814 3197 902; baseline -0.002 -18"><span class='ocrx_word' id='word_1_2' title='bbox 925 837 1020 885; x_wconf 93' lang='lat' dir='ltr'><strong>un</strong></span> <span class='ocrx_word' id='word_1_3' title='bbox 1095 835 1228 902; x_wconf 79' lang='lat' dir='ltr'><strong>peu</strong></span> <span class='ocrx_word' id='word_1_4' title='bbox 1319 815 1751 901; x_wconf 75' lang='lat' dir='ltr'><strong>legerement</strong></span> <span class='ocrx_word' id='word_1_5' title='bbox 1807 815 1914 902; x_wconf 81' lang='lat'>(1).</span> <span class='ocrx_word' id='word_1_6' title='bbox 1974 837 2009 880; x_wconf 82' lang='grc'>»</span> <span class='ocrx_word' id='word_1_7' title='bbox 2090 839 2123 877; x_wconf 91' lang='lat'>«</span> <span class='ocrx_word' id='word_1_8' title='bbox 2174 814 2428 901; x_wconf 85' lang='lat' dir='ltr'><strong>Depuis</strong></span> <span class='ocrx_word' id='word_1_9' title='bbox 2510 814 2907 899; x_wconf 78' lang='lat' dir='ltr'><strong>longtemps</strong></span> <span class='ocrx_word' id='word_1_10' title='bbox 2982 832 3197 881; x_wconf 86' lang='lat' dir='ltr'><strong>encor</strong></span> 
     </span>
     <span class='ocr_line' id='line_1_3' title="bbox 923 927 3193 1012; baseline -0.001 -16"><span class='ocrx_word' id='word_1_11' title='bbox 923 930 1313 997; x_wconf 86' lang='lat' dir='ltr'><strong>Guillaume</strong></span> <span class='ocrx_word' id='word_1_12' title='bbox 1356 929 1442 995; x_wconf 87' lang='lat' dir='ltr'><strong>de</strong></span> <span class='ocrx_word' id='word_1_13' title='bbox 1477 928 1731 1000; x_wconf 72' lang='lat' dir='ltr'><strong>Lorris,</strong></span> <span class='ocrx_word' id='word_1_14' title='bbox 1767 931 1938 994; x_wconf 87' lang='lat' dir='ltr'><strong>Jean</strong></span> <span class='ocrx_word' id='word_1_15' title='bbox 1975 929 2059 995; x_wconf 91' lang='lat' dir='ltr'><strong>de</strong></span> <span class='ocrx_word' id='word_1_16' title='bbox 2097 930 2354 1012; x_wconf 89' lang='lat' dir='ltr'><strong>Meung</strong></span> <span class='ocrx_word' id='word_1_17' title='bbox 2394 927 2706 1012; x_wconf 81' lang='lat' dir='ltr'><strong>Clopinel</strong></span> <span class='ocrx_word' id='word_1_18' title='bbox 2747 946 2838 994; x_wconf 92' lang='lat' dir='ltr'><strong>on</strong></span> <span class='ocrx_word' id='word_1_19' title='bbox 2875 927 3123 1012; x_wconf 90' lang='lat' dir='ltr'><strong>prisoit</strong></span> <span class='ocrx_word' id='word_1_20' title='bbox 3149 929 3193 994; x_wconf 79' lang='lat' dir='ltr'><strong>a</strong></span> 
     </span>
     <span class='ocr_line' id='line_1_4' title="bbox 921 1041 3191 1131; baseline 0.001 -22"><span class='ocrx_word' id='word_1_21' title='bbox 921 1044 1121 1110; x_wconf 83' lang='lat' dir='ltr'><strong>Paris</strong></span> <span class='ocrx_word' id='word_1_22' title='bbox 1156 1047 1343 1110; x_wconf 74' lang='lat' dir='ltr'><strong>Avec</strong></span> <span class='ocrx_word' id='word_1_23' title='bbox 1364 1061 1495 1131; x_wconf 87' lang='lat' dir='ltr'><strong>peu</strong></span> <span class='ocrx_word' id='word_1_24' title='bbox 1517 1044 1602 1108; x_wconf 86' lang='lat' dir='ltr'><strong>de</strong></span> <span class='ocrx_word' id='word_1_25' title='bbox 1634 1043 1874 1109; x_wconf 85' lang='lat' dir='ltr'><strong>raison</strong></span> <span class='ocrx_word' id='word_1_26' title='bbox 1902 1041 2010 1127; x_wconf 73' lang='lat'><strong>(2).</strong></span> <span class='ocrx_word' id='word_1_27' title='bbox 2044 1066 2075 1103; x_wconf 71' lang='grc' dir='ltr'><strong>υ</strong></span> <span class='ocrx_word' id='word_1_28' title='bbox 2103 1080 2192 1090; x_wconf 91' lang='lat'><strong>-—</strong></span> <span class='ocrx_word' id='word_1_29' title='bbox 2213 1043 2371 1124; x_wconf 87' lang='lat' dir='ltr'><strong>Sed,</strong></span> <span class='ocrx_word' id='word_1_30' title='bbox 2395 1044 2716 1127; x_wconf 86' lang='lat' dir='ltr'><strong>quamvis</strong></span> <span class='ocrx_word' id='word_1_31' title='bbox 2742 1045 3191 1112; x_wconf 80' lang='lat' dir='ltr'>vernaculam</span> 
     </span>
     <span class='ocr_line' id='line_1_5' title="bbox 921 1155 3187 1241; baseline 0 -20"><span class='ocrx_word' id='word_1_32' title='bbox 921 1156 1428 1240; x_wconf 77' lang='lat' dir='ltr'><strong>antiquitatem,</strong></span> <span class='ocrx_word' id='word_1_33' title='bbox 1481 1161 1554 1222; x_wconf 95' lang='lat' dir='ltr'><strong>ut</strong></span> <span class='ocrx_word' id='word_1_34' title='bbox 1603 1156 1945 1222; x_wconf 85' lang='lat' dir='ltr'><strong>Ronsardi</strong></span> <span class='ocrx_word' id='word_1_35' title='bbox 1999 1155 2413 1241; x_wconf 82' lang='lat' dir='ltr'><strong>discipulum</strong></span> <span class='ocrx_word' id='word_1_36' title='bbox 2466 1156 2693 1235; x_wconf 87' lang='lat' dir='ltr'><strong>decet,</strong></span> <span class='ocrx_word' id='word_1_37' title='bbox 2747 1166 3187 1241; x_wconf 80' lang='lat' dir='ltr'><strong>aspernetur,</strong></span> 
     </span>
     <span class='ocr_line' id='line_1_6' title="bbox 922 1268 3193 1354; baseline 0 -20"><span class='ocrx_word' id='word_1_38' title='bbox 922 1269 1254 1353; x_wconf 87' lang='lat' dir='ltr'><strong>quidquid</strong></span> <span class='ocrx_word' id='word_1_39' title='bbox 1324 1269 1410 1334; x_wconf 88' lang='lat' dir='ltr'><strong>de</strong></span> <span class='ocrx_word' id='word_1_40' title='bbox 1480 1268 1827 1353; x_wconf 86' lang='lat' dir='ltr'><strong>prioribus</strong></span> <span class='ocrx_word' id='word_1_41' title='bbox 1900 1269 2150 1335; x_wconf 82' lang='lat' dir='ltr'><strong>Galliae</strong></span> <span class='ocrx_word' id='word_1_42' title='bbox 2222 1268 2446 1354; x_wconf 83' lang='lat' dir='ltr'><strong>poetis</strong></span> <span class='ocrx_word' id='word_1_43' title='bbox 2519 1270 2815 1354; x_wconf 83' lang='lat' dir='ltr'><strong>accepit,</strong></span> <span class='ocrx_word' id='word_1_44' title='bbox 2883 1269 3193 1335; x_wconf 79' lang='lat' dir='ltr'><strong>maxima</strong></span> 
     </span>
     <span class='ocr_line' id='line_1_7' title="bbox 921 1382 3193 1466; baseline 0.001 -19"><span class='ocrx_word' id='word_1_45' title='bbox 921 1382 1286 1466; x_wconf 77' lang='lat' dir='ltr'><strong>diligentia</strong></span> <span class='ocrx_word' id='word_1_46' title='bbox 1319 1385 1678 1448; x_wconf 84' lang='lat' dir='ltr'><strong>memorat.</strong></span> <span class='ocrx_word' id='word_1_47' title='bbox 1720 1383 1983 1466; x_wconf 89' lang='lat' dir='ltr'><strong>Itaque,</strong></span> <span class='ocrx_word' id='word_1_48' title='bbox 2018 1382 2075 1448; x_wconf 83' lang='lat' dir='ltr'><strong>si</strong></span> <span class='ocrx_word' id='word_1_49' title='bbox 2100 1399 2553 1465; x_wconf 79' lang='lat' dir='ltr'><strong>quaecumque</strong></span> <span class='ocrx_word' id='word_1_50' title='bbox 2591 1382 2678 1448; x_wconf 85' lang='lat' dir='ltr'><strong>de</strong></span> <span class='ocrx_word' id='word_1_51' title='bbox 2718 1382 2929 1448; x_wconf 84' lang='lat' dir='ltr'><strong>avitae</strong></span> <span class='ocrx_word' id='word_1_52' title='bbox 2971 1394 3193 1450; x_wconf 85' lang='lat' dir='ltr'><strong>vetus·</strong></span> 
     </span>
     <span class='ocr_line' id='line_1_8' title="bbox 926 1495 3193 1581; baseline 0.001 -20"><span class='ocrx_word' id='word_1_53' title='bbox 926 1495 1084 1561; x_wconf 89' lang='lat' dir='ltr'><strong>tatis</strong></span> <span class='ocrx_word' id='word_1_54' title='bbox 1131 1496 1593 1562; x_wconf 79' lang='lat' dir='ltr'><strong>monumentis</strong></span> <span class='ocrx_word' id='word_1_55' title='bbox 1645 1496 1904 1580; x_wconf 86' lang='lat' dir='ltr'><strong>passim</strong></span> <span class='ocrx_word' id='word_1_56' title='bbox 1953 1495 2025 1561; x_wconf 90' lang='lat' dir='ltr'><strong>in</strong></span> <span class='ocrx_word' id='word_1_57' title='bbox 2076 1496 2298 1562; x_wconf 87' lang='lat' dir='ltr'><strong>tribus</strong></span> <span class='ocrx_word' id='word_1_58' title='bbox 2350 1496 2549 1562; x_wconf 87' lang='lat' dir='ltr'><strong>libris</strong></span> <span class='ocrx_word' id='word_1_59' title='bbox 2605 1515 2849 1581; x_wconf 88' lang='lat' dir='ltr'><strong>sparsa</strong></span> <span class='ocrx_word' id='word_1_60' title='bbox 2898 1505 3058 1564; x_wconf 89' lang='lat' dir='ltr'><strong>sunt</strong></span> <span class='ocrx_word' id='word_1_61' title='bbox 3108 1516 3193 1565; x_wconf 87' lang='lat' dir='ltr'><strong>ac</strong></span> 
     </span>
     <span class='ocr_line' id='line_1_9' title="bbox 926 1612 3192 1697; baseline 0.001 -20"><span class='ocrx_word' id='word_1_62' title='bbox 926 1612 1374 1678; x_wconf 87' lang='lat' dir='ltr'><strong>disseminata</strong></span> <span class='ocrx_word' id='word_1_63' title='bbox 1415 1612 1852 1695; x_wconf 86' lang='lat' dir='ltr'><strong>colligemus,</strong></span> <span class='ocrx_word' id='word_1_64' title='bbox 1890 1612 2100 1679; x_wconf 86' lang='lat' dir='ltr'><strong>totius</strong></span> <span class='ocrx_word' id='word_1_65' title='bbox 2157 1618 2415 1679; x_wconf 84' lang='lat' dir='ltr'><strong>nostrae</strong></span> <span class='ocrx_word' id='word_1_66' title='bbox 2471 1613 2760 1697; x_wconf 83' lang='lat' dir='ltr'><strong>poeticae</strong></span> <span class='ocrx_word' id='word_1_67' title='bbox 2827 1614 2914 1679; x_wconf 91' lang='lat' dir='ltr'><strong>ab</strong></span> <span class='ocrx_word' id='word_1_68' title='bbox 2964 1631 3192 1679; x_wconf 88' lang='lat' dir='ltr'><strong>remo-</strong></span> 
     </span>
     <span class='ocr_line' id='line_1_10' title="bbox 924 1724 3188 1810; baseline 0.002 -21"><span class='ocrx_word' id='word_1_69' title='bbox 924 1724 1211 1791; x_wconf 84' lang='lat' dir='ltr'><strong>tissimis</strong></span> <span class='ocrx_word' id='word_1_70' title='bbox 1249 1725 1638 1810; x_wconf 83' lang='lat' dir='ltr'><strong>originibus</strong></span> <span class='ocrx_word' id='word_1_71' title='bbox 1686 1744 1904 1809; x_wconf 87' lang='lat' dir='ltr'><strong>usque</strong></span> <span class='ocrx_word' id='word_1_72' title='bbox 1938 1726 2024 1790; x_wconf 90' lang='lat' dir='ltr'><strong>ad</strong></span> <span class='ocrx_word' id='word_1_73' title='bbox 2075 1726 2375 1809; x_wconf 79' lang='lat' dir='ltr'><strong>aequalia</strong></span> <span class='ocrx_word' id='word_1_74' title='bbox 2422 1726 2599 1792; x_wconf 77' lang='lat' dir='ltr'><strong>sexti</strong></span> <span class='ocrx_word' id='word_1_75' title='bbox 2647 1725 2892 1792; x_wconf 87' lang='lat' dir='ltr'><strong>decimi</strong></span> <span class='ocrx_word' id='word_1_76' title='bbox 2948 1726 3188 1793; x_wconf 85' lang='lat' dir='ltr'><strong>saeculi</strong></span> 
     </span>
     <span class='ocr_line' id='line_1_11' title="bbox 923 1838 3189 1929; baseline 0 -24"><span class='ocrx_word' id='word_1_77' title='bbox 923 1844 1236 1924; x_wconf 87' lang='lat' dir='ltr'><strong>tempora</strong></span> <span class='ocrx_word' id='word_1_78' title='bbox 1267 1840 1501 1924; x_wconf 84' lang='lat' dir='ltr'><strong>imago</strong></span> <span class='ocrx_word' id='word_1_79' title='bbox 1537 1840 1883 1924; x_wconf 78' lang='lat' dir='ltr'><strong>quaedam,</strong></span> <span class='ocrx_word' id='word_1_80' title='bbox 1914 1838 2052 1924; x_wconf 82' lang='lat' dir='ltr'><strong>(vix</strong></span> <span class='ocrx_word' id='word_1_81' title='bbox 2073 1841 2485 1906; x_wconf 86' lang='lat' dir='ltr'><strong>adumbrata</strong></span> <span class='ocrx_word' id='word_1_82' title='bbox 2514 1840 2795 1924; x_wconf 89' lang='lat' dir='ltr'><strong>quidem</strong></span> <span class='ocrx_word' id='word_1_83' title='bbox 2828 1842 2896 1906; x_wconf 90' lang='lat' dir='ltr'><strong>et</strong></span> <span class='ocrx_word' id='word_1_84' title='bbox 2929 1840 3189 1929; x_wconf 89' lang='lat' dir='ltr'><strong>saepius</strong></span> 
     </span>
     <span class='ocr_line' id='line_1_12' title="bbox 922 1953 1741 2039; baseline -0.001 -20"><span class='ocrx_word' id='word_1_85' title='bbox 922 1953 1306 2039; x_wconf 82' lang='lat' dir='ltr'><strong>mendosa),</strong></span> <span class='ocrx_word' id='word_1_86' title='bbox 1341 1954 1741 2036; x_wconf 82' lang='lat' dir='ltr'><strong>effingetur.</strong></span> 
     </span>
    </p>

    <p class='ocr_par' dir='ltr' id='par_1_3' title="bbox 924 2067 3186 2613">
     <span class='ocr_line' id='line_1_13' title="bbox 1015 2067 3186 2155; baseline 0 -22"><span class='ocrx_word' id='word_1_87' title='bbox 1015 2069 1091 2133; x_wconf 92' lang='lat' dir='ltr'><strong>In</strong></span> <span class='ocrx_word' id='word_1_88' title='bbox 1159 2070 1364 2133; x_wconf 86' lang='lat' dir='ltr'><strong>tertio</strong></span> <span class='ocrx_word' id='word_1_89' title='bbox 1418 2067 1594 2132; x_wconf 83' lang='lat' dir='ltr'><strong>libro</strong></span> <span class='ocrx_word' id='word_1_90' title='bbox 1639 2067 1724 2131; x_wconf 78' lang='lat' dir='ltr'><strong>de</strong></span> <span class='ocrx_word' id='word_1_91' title='bbox 1775 2067 1945 2155; x_wconf 90' lang='lat' dir='ltr'><strong>ipsis</strong></span> <span class='ocrx_word' id='word_1_92' title='bbox 1998 2067 2565 2150; x_wconf 88' lang='lat' dir='ltr'><strong>longinquiorum</strong></span> <span class='ocrx_word' id='word_1_93' title='bbox 2618 2069 2905 2132; x_wconf 79' lang='lat' dir='ltr'><strong>aetatum</strong></span> <span class='ocrx_word' id='word_1_94' title='bbox 2963 2067 3186 2154; x_wconf 89' lang='lat' dir='ltr'><strong>poetis</strong></span> 
     </span>
     <span class='ocr_line' id='line_1_14' title="bbox 928 2179 3184 2269; baseline -0.001 -22"><span class='ocrx_word' id='word_1_95' title='bbox 928 2181 1187 2265; x_wconf 90' lang='lat' dir='ltr'><strong>aliquid</strong></span> <span class='ocrx_word' id='word_1_96' title='bbox 1235 2180 1537 2264; x_wconf 86' lang='lat' dir='ltr'><strong>attingit.</strong></span> <span class='ocrx_word' id='word_1_97' title='bbox 1591 2182 1966 2264; x_wconf 87' lang='lat' dir='ltr'><strong>Postquam</strong></span> <span class='ocrx_word' id='word_1_98' title='bbox 2031 2181 2217 2246; x_wconf 90' lang='lat' dir='ltr'><strong>enim</strong></span> <span class='ocrx_word' id='word_1_99' title='bbox 2272 2179 2497 2245; x_wconf 84' lang='lat' dir='ltr'><strong>Flacci</strong></span> <span class='ocrx_word' id='word_1_100' title='bbox 2551 2179 2872 2269; x_wconf 82' lang='lat' dir='ltr'><strong>exemplo</strong></span> <span class='ocrx_word' id='word_1_101' title='bbox 2922 2180 3184 2257; x_wconf 87' lang='lat' dir='ltr'><strong>docuit,</strong></span> 
     </span>
     <span class='ocr_line' id='line_1_15' title="bbox 927 2293 3185 2382; baseline -0 -22"><span class='ocrx_word' id='word_1_102' title='bbox 927 2295 1273 2380; x_wconf 90' lang='lat' dir='ltr'><strong>quomodo</strong></span> <span class='ocrx_word' id='word_1_103' title='bbox 1298 2294 1732 2361; x_wconf 86' lang='lat' dir='ltr'><strong>silvestribus</strong></span> <span class='ocrx_word' id='word_1_104' title='bbox 1761 2293 2145 2382; x_wconf 88' lang='lat' dir='ltr'><strong>priscorum</strong></span> <span class='ocrx_word' id='word_1_105' title='bbox 2178 2299 2566 2381; x_wconf 88' lang='lat' dir='ltr'><strong>temporum</strong></span> <span class='ocrx_word' id='word_1_106' title='bbox 2601 2293 3003 2360; x_wconf 85' lang='lat' dir='ltr'><strong>hominibus</strong></span> <span class='ocrx_word' id='word_1_107' title='bbox 3024 2294 3185 2359; x_wconf 87' lang='lat' dir='ltr'><strong>vitae</strong></span> 
     </span>
     <span class='ocr_line' id='line_1_16' title="bbox 925 2408 3185 2495; baseline 0 -20"><span class='ocrx_word' id='word_1_108' title='bbox 925 2410 1110 2476; x_wconf 87' lang='lat' dir='ltr'><strong>viam</strong></span> <span class='ocrx_word' id='word_1_109' title='bbox 1163 2414 1386 2495; x_wconf 82' lang='lat' dir='ltr'><strong>poetae</strong></span> <span class='ocrx_word' id='word_1_110' title='bbox 1421 2410 1717 2495; x_wconf 89' lang='lat' dir='ltr'><strong>primum</strong></span> <span class='ocrx_word' id='word_1_111' title='bbox 1764 2409 2328 2489; x_wconf 78' lang='lat' dir='ltr'><strong>monstraverint,</strong></span> <span class='ocrx_word' id='word_1_112' title='bbox 2367 2408 2641 2493; x_wconf 86' lang='lat' dir='ltr'><strong>Orpheo</strong></span> <span class='ocrx_word' id='word_1_113' title='bbox 2676 2409 3185 2494; x_wconf 87' lang='lat' dir='ltr'><strong>Amphionique</strong></span> 
     </span>
     <span class='ocr_line' id='line_1_17' title="bbox 924 2524 2186 2613; baseline 0 -23"><span class='ocrx_word' id='word_1_114' title='bbox 924 2528 1199 2590; x_wconf 88' lang='lat' dir='ltr'><strong>veteres</strong></span> <span class='ocrx_word' id='word_1_115' title='bbox 1232 2524 1481 2590; x_wconf 86' lang='lat' dir='ltr'><strong>Galliae</strong></span> <span class='ocrx_word' id='word_1_116' title='bbox 1517 2524 1770 2590; x_wconf 89' lang='lat' dir='ltr'><strong>bardos</strong></span> <span class='ocrx_word' id='word_1_117' title='bbox 1796 2527 2186 2613; x_wconf 84' lang='lat' dir='ltr'><strong>comparat:</strong></span> 
     </span>
    </p>
   </div>
   <div class='ocr_carea' id='block_1_3' title="bbox 1102 2671 3034 2869">
    <p class='ocr_par' dir='ltr' id='par_1_4' title="bbox 1102 2671 3034 2869">
     <span class='ocr_line' id='line_1_18' title="bbox 1102 2671 2607 2757; baseline 0.002 -20"><span class='ocrx_word' id='word_1_118' title='bbox 1102 2672 1412 2738; x_wconf 86' lang='lat' dir='ltr'><strong>Premier</strong></span> <span class='ocrx_word' id='word_1_119' title='bbox 1444 2671 1619 2738; x_wconf 89' lang='lat' dir='ltr'><strong>ainsi</strong></span> <span class='ocrx_word' id='word_1_120' title='bbox 1640 2673 1829 2757; x_wconf 88' lang='lat' dir='ltr'><strong>jadis</strong></span> <span class='ocrx_word' id='word_1_121' title='bbox 1859 2691 1985 2738; x_wconf 91' lang='lat' dir='ltr'><strong>nos</strong></span> <span class='ocrx_word' id='word_1_122' title='bbox 2020 2675 2266 2740; x_wconf 76' lang='lat' dir='ltr'><strong>Poetes</strong></span> <span class='ocrx_word' id='word_1_123' title='bbox 2294 2675 2607 2752; x_wconf 79' lang='lat' dir='ltr'><strong>DruideS,</strong></span> 
     </span>
     <span class='ocr_line' id='line_1_19' title="bbox 1102 2784 3034 2869; baseline 0.001 -20"><span class='ocrx_word' id='word_1_124' title='bbox 1102 2784 1245 2851; x_wconf 90' lang='lat' dir='ltr'><strong>Nos</strong></span> <span class='ocrx_word' id='word_1_125' title='bbox 1278 2785 1639 2851; x_wconf 86' lang='lat' dir='ltr'><strong>Samothes</strong></span> <span class='ocrx_word' id='word_1_126' title='bbox 1672 2785 1973 2869; x_wconf 83' lang='lat' dir='ltr'><strong>gauloiS,</strong></span> <span class='ocrx_word' id='word_1_127' title='bbox 2011 2804 2138 2851; x_wconf 91' lang='lat' dir='ltr'><strong>nos</strong></span> <span class='ocrx_word' id='word_1_128' title='bbox 2167 2785 2410 2867; x_wconf 86' lang='lat' dir='ltr'><strong>Bards,</strong></span> <span class='ocrx_word' id='word_1_129' title='bbox 2447 2802 2576 2851; x_wconf 89' lang='lat' dir='ltr'><strong>nos</strong></span> <span class='ocrx_word' id='word_1_130' title='bbox 2606 2785 3034 2864; x_wconf 75' lang='lat' dir='ltr'><strong>SarronideS,</strong></span> 
     </span>
    </p>
   </div>
   <div class='ocr_carea' id='block_1_4' title="bbox 1102 2897 1998 2983">
    <p class='ocr_par' dir='ltr' id='par_1_5' title="bbox 1102 2897 1998 2983">
     <span class='ocr_line' id='line_1_20' title="bbox 1102 2897 1998 2983; baseline 0.001 -19"><span class='ocrx_word' id='word_1_131' title='bbox 1102 2899 1492 2965; x_wconf 76' lang='lat' dir='ltr'><strong>Policerent</strong></span> <span class='ocrx_word' id='word_1_132' title='bbox 1526 2900 1595 2965; x_wconf 87' lang='lat' dir='ltr'><strong>la</strong></span> <span class='ocrx_word' id='word_1_133' title='bbox 1627 2899 1845 2966; x_wconf 88' lang='lat' dir='ltr'><strong>Gaule</strong></span> <span class='ocrx_word' id='word_1_134' title='bbox 1886 2897 1998 2983; x_wconf 80' lang='lat'><strong>(3).</strong></span> 
     </span>
    </p>
   </div>
   <div class='ocr_carea' id='block_1_5' title="bbox 924 3061 3180 3373">
    <p class='ocr_par' dir='ltr' id='par_1_6' title="bbox 924 3061 3180 3373">
     <span class='ocr_line' id='line_1_21' title="bbox 1016 3061 3179 3146; baseline -0.002 -18"><span class='ocrx_word' id='word_1_135' title='bbox 1016 3063 1609 3138; x_wconf 85' lang='lat' dir='ltr'><strong>Quemadmodum</strong></span> <span class='ocrx_word' id='word_1_136' title='bbox 1665 3062 2051 3129; x_wconf 84' lang='lat' dir='ltr'><strong>domestica</strong></span> <span class='ocrx_word' id='word_1_137' title='bbox 2085 3063 2325 3146; x_wconf 87' lang='lat' dir='ltr'><strong>lingua</strong></span> <span class='ocrx_word' id='word_1_138' title='bbox 2360 3068 2523 3128; x_wconf 87' lang='lat' dir='ltr'><strong>nata</strong></span> <span class='ocrx_word' id='word_1_139' title='bbox 2556 3062 2645 3128; x_wconf 90' lang='lat' dir='ltr'><strong>sit</strong></span> <span class='ocrx_word' id='word_1_140' title='bbox 2674 3064 2743 3128; x_wconf 90' lang='lat' dir='ltr'><strong>et</strong></span> <span class='ocrx_word' id='word_1_141' title='bbox 2774 3061 3179 3141; x_wconf 80' lang='lat' dir='ltr'><strong>adoleverit,</strong></span> 
     </span>
     <span class='ocr_line' id='line_1_22' title="bbox 926 3173 3180 3261; baseline -0.001 -21"><span class='ocrx_word' id='word_1_142' title='bbox 926 3193 1062 3241; x_wconf 90' lang='lat' dir='ltr'><strong>non</strong></span> <span class='ocrx_word' id='word_1_143' title='bbox 1081 3175 1564 3258; x_wconf 74' lang='lat' dir='ltr'><strong>recteJudicat3</strong></span> <span class='ocrx_word' id='word_1_144' title='bbox 1588 3176 1801 3241; x_wconf 87' lang='lat' dir='ltr'><strong>immo</strong></span> <span class='ocrx_word' id='word_1_145' title='bbox 1822 3176 2286 3261; x_wconf 85' lang='lat' dir='ltr'><strong>Hispanorum</strong></span> <span class='ocrx_word' id='word_1_146' title='bbox 2311 3173 2769 3259; x_wconf 84' lang='lat' dir='ltr'><strong>[talorumque</strong></span> <span class='ocrx_word' id='word_1_147' title='bbox 2793 3190 3180 3240; x_wconf 87' lang='lat' dir='ltr'><strong>sermonem</strong></span> 
     </span>
     <span class='ocr_line' id='line_1_23' title="bbox 924 3286 2464 3373; baseline -0.001 -19"><span class='ocrx_word' id='word_1_148' title='bbox 924 3287 1206 3354; x_wconf 88' lang='lat' dir='ltr'><strong>Gallicis</strong></span> <span class='ocrx_word' id='word_1_149' title='bbox 1236 3306 1323 3352; x_wconf 82' lang='lat' dir='ltr'><strong>ex</strong></span> <span class='ocrx_word' id='word_1_150' title='bbox 1355 3286 1657 3353; x_wconf 88' lang='lat' dir='ltr'><strong>fontibus</strong></span> <span class='ocrx_word' id='word_1_151' title='bbox 1692 3287 2013 3353; x_wconf 87' lang='lat' dir='ltr'><strong>haustum</strong></span> <span class='ocrx_word' id='word_1_152' title='bbox 2050 3306 2202 3354; x_wconf 89' lang='lat' dir='ltr'><strong>esse</strong></span> <span class='ocrx_word' id='word_1_153' title='bbox 2238 3291 2464 3373; x_wconf 86' lang='lat' dir='ltr'><strong>putat:</strong></span> 
     </span>
    </p>
   </div>
   <div class='ocr_carea' id='block_1_6' title="bbox 1101 3449 2992 3650">
    <p class='ocr_par' dir='ltr' id='par_1_7' title="bbox 1101 3449 2992 3650">
     <span class='ocr_line' id='line_1_24' title="bbox 1102 3449 2724 3534; baseline -0.001 -18"><span class='ocrx_word' id='word_1_154' title='bbox 1102 3451 1196 3517; x_wconf 90' lang='lat' dir='ltr'><strong>De</strong></span> <span class='ocrx_word' id='word_1_155' title='bbox 1219 3455 1453 3516; x_wconf 87' lang='lat' dir='ltr'><strong>nostre</strong></span> <span class='ocrx_word' id='word_1_156' title='bbox 1483 3450 1858 3517; x_wconf 87' lang='lat' dir='ltr'><strong>Cathelane</strong></span> <span class='ocrx_word' id='word_1_157' title='bbox 1892 3467 1980 3516; x_wconf 93' lang='lat' dir='ltr'><strong>ou</strong></span> <span class='ocrx_word' id='word_1_158' title='bbox 2017 3449 2272 3534; x_wconf 87' lang='lat' dir='ltr'><strong>langue</strong></span> <span class='ocrx_word' id='word_1_159' title='bbox 2299 3450 2724 3532; x_wconf 72' lang='lat' dir='ltr'><strong>Provenqale</strong></span> 
     </span>
     <span class='ocr_line' id='line_1_25' title="bbox 1101 3559 2992 3650; baseline -0.001 -22"><span class='ocrx_word' id='word_1_160' title='bbox 1101 3564 1196 3629; x_wconf 89' lang='lat' dir='ltr'><strong>La</strong></span> <span class='ocrx_word' id='word_1_161' title='bbox 1218 3563 1475 3648; x_wconf 88' lang='lat' dir='ltr'><strong>langue</strong></span> <span class='ocrx_word' id='word_1_162' title='bbox 1511 3563 1777 3629; x_wconf 87' lang='lat' dir='ltr'><strong>d’ltalie</strong></span> <span class='ocrx_word' id='word_1_163' title='bbox 1806 3569 1875 3628; x_wconf 90' lang='lat' dir='ltr'><strong>et</strong></span> <span class='ocrx_word' id='word_1_164' title='bbox 1908 3562 2299 3650; x_wconf 83' lang='lat' dir='ltr'><strong>d’Espagne</strong></span> <span class='ocrx_word' id='word_1_165' title='bbox 2331 3569 2437 3628; x_wconf 90' lang='lat' dir='ltr'><strong>est</strong></span> <span class='ocrx_word' id='word_1_166' title='bbox 2470 3562 2768 3628; x_wconf 80' lang='lat' dir='ltr'><strong>vassallo</strong></span> <span class='ocrx_word' id='word_1_167' title='bbox 2803 3559 2947 3648; x_wconf 84' lang='lat'>(4)..</span> <span class='ocrx_word' id='word_1_168' title='bbox 2979 3614 2992 3626; x_wconf 95' lang='lat'>.</span> 
     </span>
    </p>
   </div>
   <div class='ocr_carea' id='block_1_7' title="bbox 1102 3723 3060 4034">
    <p class='ocr_par' dir='ltr' id='par_1_8' title="bbox 1102 3723 3060 4034">
     <span class='ocr_line' id='line_1_26' title="bbox 1383 3723 2713 3790; baseline 0 -2"><span class='ocrx_word' id='word_1_169' title='bbox 1383 3773 1751 3788; x_wconf 93' lang='grc'><strong>.....</strong></span> <span class='ocrx_word' id='word_1_170' title='bbox 1856 3724 2161 3789; x_wconf 88' lang='lat' dir='ltr'><strong>Tancred</strong></span> <span class='ocrx_word' id='word_1_171' title='bbox 2200 3723 2285 3790; x_wconf 89' lang='lat' dir='ltr'><strong>de</strong></span> <span class='ocrx_word' id='word_1_172' title='bbox 2323 3723 2713 3790; x_wconf 86' lang='lat' dir='ltr'><strong>Hauteville</strong></span> 
     </span>
     <span class='ocr_line' id='line_1_27' title="bbox 1102 3836 2589 3905; baseline 0 -3"><span class='ocrx_word' id='word_1_173' title='bbox 1102 3836 1525 3902; x_wconf 87' lang='lat' dir='ltr'><strong>Conduisant</strong></span> <span class='ocrx_word' id='word_1_174' title='bbox 1545 3836 1760 3905; x_wconf 85' lang='lat' dir='ltr'><strong>douze</strong></span> <span class='ocrx_word' id='word_1_175' title='bbox 1793 3836 1903 3901; x_wconf 90' lang='lat' dir='ltr'><strong>fils</strong></span> <span class='ocrx_word' id='word_1_176' title='bbox 1934 3836 2018 3902; x_wconf 88' lang='lat' dir='ltr'><strong>de</strong></span> <span class='ocrx_word' id='word_1_177' title='bbox 2053 3836 2122 3901; x_wconf 84' lang='lat' dir='ltr'><strong>la</strong></span> <span class='ocrx_word' id='word_1_178' title='bbox 2146 3841 2329 3903; x_wconf 85' lang='lat' dir='ltr'><strong>terre</strong></span> <span class='ocrx_word' id='word_1_179' title='bbox 2365 3836 2589 3902; x_wconf 74' lang='lat' dir='ltr'><strong>fertile</strong></span> 
     </span>
     <span class='ocr_line' id='line_1_28' title="bbox 1103 3948 3060 4034; baseline -0.001 -19"><span class='ocrx_word' id='word_1_180' title='bbox 1103 3950 1264 4016; x_wconf 88' lang='lat' dir='ltr'><strong>Mist</strong></span> <span class='ocrx_word' id='word_1_181' title='bbox 1297 3968 1384 4015; x_wconf 87' lang='lat' dir='ltr'><strong>en</strong></span> <span class='ocrx_word' id='word_1_182' title='bbox 1417 3948 1683 4015; x_wconf 91' lang='lat' dir='ltr'><strong>Pouille</strong></span> <span class='ocrx_word' id='word_1_183' title='bbox 1718 3956 1787 4015; x_wconf 85' lang='lat' dir='ltr'><strong>et</strong></span> <span class='ocrx_word' id='word_1_184' title='bbox 1815 3949 2102 4015; x_wconf 88' lang='lat' dir='ltr'><strong>Calabre</strong></span> <span class='ocrx_word' id='word_1_185' title='bbox 2141 3969 2229 4015; x_wconf 90' lang='lat' dir='ltr'><strong>un</strong></span> <span class='ocrx_word' id='word_1_186' title='bbox 2266 3949 2582 4034; x_wconf 83' lang='lat' dir='ltr'><strong>vulgaire</strong></span> <span class='ocrx_word' id='word_1_187' title='bbox 2620 3948 2918 4031; x_wconf 71' lang='lat' dir='ltr'><strong>franceis</strong></span> <span class='ocrx_word' id='word_1_188' title='bbox 2949 3948 3060 4034; x_wconf 87' lang='lat'><strong>(5).</strong></span> 
     </span>
    </p>
   </div>
   <div class='ocr_carea' id='block_1_8' title="bbox 924 4096 3179 4302">
    <p class='ocr_par' dir='ltr' id='par_1_9' title="bbox 924 4096 3179 4302">
     <span class='ocr_line' id='line_1_29' title="bbox 1012 4096 3179 4182; baseline -0.003 -16"><span class='ocrx_word' id='word_1_189' title='bbox 1012 4102 1091 4166; x_wconf 94' lang='lat' dir='ltr'><strong>In</strong></span> <span class='ocrx_word' id='word_1_190' title='bbox 1124 4100 1409 4167; x_wconf 84' lang='lat' dir='ltr'><strong>Gallicae</strong></span> <span class='ocrx_word' id='word_1_191' title='bbox 1438 4099 1969 4166; x_wconf 81' lang='lat' dir='ltr'><strong>versificationis</strong></span> <span class='ocrx_word' id='word_1_192' title='bbox 2005 4098 2395 4182; x_wconf 87' lang='lat' dir='ltr'><strong>originibus</strong></span> <span class='ocrx_word' id='word_1_193' title='bbox 2431 4117 2568 4164; x_wconf 89' lang='lat' dir='ltr'><strong>non</strong></span> <span class='ocrx_word' id='word_1_194' title='bbox 2612 4098 2841 4165; x_wconf 90' lang='lat' dir='ltr'><strong>minus</strong></span> <span class='ocrx_word' id='word_1_195' title='bbox 2870 4096 3179 4182; x_wconf 87' lang='lat' dir='ltr'><strong>graviter</strong></span> 
     </span>
     <span class='ocr_line' id='line_1_30' title="bbox 924 4213 3177 4302; baseline -0.001 -20"><span class='ocrx_word' id='word_1_196' title='bbox 924 4221 1184 4302; x_wconf 86' lang='lat' dir='ltr'><strong>peccat.</strong></span> <span class='ocrx_word' id='word_1_197' title='bbox 1225 4217 1444 4282; x_wconf 90' lang='lat' dir='ltr'><strong>Nemo</strong></span> <span class='ocrx_word' id='word_1_198' title='bbox 1492 4216 1680 4281; x_wconf 91' lang='lat' dir='ltr'><strong>enim</strong></span> <span class='ocrx_word' id='word_1_199' title='bbox 1723 4216 1843 4282; x_wconf 92' lang='lat' dir='ltr'><strong>illo</strong></span> <span class='ocrx_word' id='word_1_200' title='bbox 1898 4219 2209 4300; x_wconf 88' lang='lat' dir='ltr'><strong>tempore</strong></span> <span class='ocrx_word' id='word_1_201' title='bbox 2262 4219 2552 4281; x_wconf 87' lang='lat' dir='ltr'><strong>noverat</strong></span> <span class='ocrx_word' id='word_1_202' title='bbox 2597 4213 3177 4299; x_wconf 85' lang='lat' dir='ltr'><strong>quemadmodum</strong></span> 
     </span>
    </p>
   </div>
   <div class='ocr_carea' id='block_1_9' title="bbox 918 4351 1260 4363">
    <p class='ocr_par' dir='ltr' id='par_1_10' title="bbox 918 4351 1260 4363">
     <span class='ocr_line' id='line_1_31' title="bbox 918 4351 1260 4363; baseline 0 1366"><span class='ocrx_word' id='word_1_203' title='bbox 918 4351 1260 4363; x_wconf 95' lang='lat' dir='ltr'><strong> </strong></span> 
     </span>
    </p>
   </div>
   <div class='ocr_carea' id='block_1_10' title="bbox 972 4403 1321 4775">
    <p class='ocr_par' dir='ltr' id='par_1_11' title="bbox 972 4403 1252 4536">
     <span class='ocr_line' id='line_1_32' title="bbox 972 4403 1252 4459; baseline -0.007 -10"><span class='ocrx_word' id='word_1_204' title='bbox 972 4404 1036 4459; x_wconf 80' lang='grc' dir='ltr'><strong>(ι)</strong></span> <span class='ocrx_word' id='word_1_205' title='bbox 1063 4404 1170 4450; x_wconf 81' lang='lat' dir='ltr'><strong>Lib.</strong></span> <span class='ocrx_word' id='word_1_206' title='bbox 1191 4403 1252 4448; x_wconf 90' lang='lat'><strong>11.</strong></span> 
     </span>
     <span class='ocr_line' id='line_1_33' title="bbox 977 4484 1188 4536; baseline -0.005 -7"><span class='ocrx_word' id='word_1_207' title='bbox 977 4484 1038 4536; x_wconf 66' lang='lat'><strong>22)</strong></span> <span class='ocrx_word' id='word_1_208' title='bbox 1065 4484 1188 4528; x_wconf 72' lang='grc' dir='ltr'><strong>ιωα.</strong></span> 
     </span>
    </p>

    <p class='ocr_par' dir='ltr' id='par_1_12' title="bbox 974 4563 1321 4775">
     <span class='ocr_line' id='line_1_34' title="bbox 977 4563 1321 4621; baseline 0 -12"><span class='ocrx_word' id='word_1_209' title='bbox 977 4563 1039 4621; x_wconf 66' lang='lat' dir='ltr'><strong>(a)</strong></span> <span class='ocrx_word' id='word_1_210' title='bbox 1067 4565 1212 4611; x_wconf 63' lang='lat' dir='ltr'><strong>vanc.</strong></span> <span class='ocrx_word' id='word_1_211' title='bbox 1238 4565 1321 4610; x_wconf 89' lang='lat'>111.</span> 
     </span>
     <span class='ocr_line' id='line_1_35' title="bbox 974 4641 1263 4695; baseline -0.003 -9"><span class='ocrx_word' id='word_1_212' title='bbox 974 4641 1039 4695; x_wconf 75' lang='grc'><strong>(4)</strong></span> <span class='ocrx_word' id='word_1_213' title='bbox 1066 4641 1209 4686; x_wconf 74' lang='lat' dir='ltr'><strong>valk.</strong></span> <span class='ocrx_word' id='word_1_214' title='bbox 1227 4641 1263 4685; x_wconf 92' lang='lat'><strong>1.</strong></span> 
     </span>
     <span class='ocr_line' id='line_1_36' title="bbox 976 4718 1187 4775; baseline -0.009 -11"><span class='ocrx_word' id='word_1_215' title='bbox 976 4718 1040 4775; x_wconf 72' lang='lat'><strong>(5)</strong></span> <span class='ocrx_word' id='word_1_216' title='bbox 1065 4720 1187 4763; x_wconf 70' lang='lat' dir='ltr'><strong>ma.</strong></span> 
     </span>
    </p>
   </div>
  </div>
 </body>
</html>
