3561 5729
1291 635 1606 699 -79-

317 772 608 840 tionem.
661 774 792 841 Sed
838 776 1014 864 epici
1059 777 1395 862 poematis
1439 777 1544 843 vis
1585 795 1667 844 ac
1706 780 1957 844 natura
1997 778 2070 843 in
2103 798 2344 847 eorum
2382 777 2585 846 intel-

317 889 698 974 legentiam
753 911 891 959 non
945 893 1113 959 satis
1165 895 1524 959 cadebant.
1584 895 1832 960 Incerti
1886 893 2049 978 quid
2110 894 2239 962 sibi
2303 895 2585 962 heroica

316 1002 604 1085 vellent,
642 1003 729 1069 iis
768 1002 985 1088 longi,
1036 1004 1286 1071 deinde
1327 1005 1562 1089 magni
1599 1005 1829 1095 operis
1863 1025 2116 1072 nomen
2159 1007 2576 1074 indiderunt.

318 1117 733 1184 Pelletarius
767 1118 1039 1206 epicum
1088 1137 1366 1185 carmen
1410 1119 1748 1187 immenso
1785 1121 1955 1185 mari
1995 1124 2379 1206 comparat3
2420 1139 2583 1187 mox

319 1252 515 1314 vem,
552 1252 707 1300 cum
750 1235 898 1316 ejus
942 1234 1302 1300 materiam
1334 1235 1621 1301 definire
1656 1234 2157 1320 complectique
2196 1236 2365 1318 vult,
2408 1234 2579 1301 nihil

319 1366 523 1433 paene
582 1347 773 1414 aliud
831 1348 903 1414 in
959 1367 1112 1415 eam
1170 1348 1475 1415 incidere
1528 1368 1732 1434 quam
1791 1350 1975 1415 bella
2025 1349 2328 1436 sinit(l);
2390 1350 2581 1416 nulla

318 1463 552 1528 autem
603 1464 954 1547 praecepta
1005 1463 1145 1543 dat,
1201 1465 1269 1528 et
1320 1462 1488 1528 satis
1530 1481 1683 1530 esse
1736 1463 1925 1529 ducit
1974 1462 2033 1529 si
2089 1464 2176 1529 ad
2242 1460 2580 1532 AEneidos

318 1573 677 1659 exemplar
723 1578 963 1659 poetas
1008 1577 1242 1660 vocat3
1295 1575 1505 1641 immo
1555 1576 1704 1659 ejus
1745 1576 2064 1660 epistulae
2111 1577 2401 1643 sortasse
2436 1595 2583 1644 me-

317 1705 494 1768 mor,
532 1686 604 1752 in
638 1704 776 1771 qua
812 1688 1188 1754 Homerum
1227 1687 1389 1772 quid
1422 1688 1811 1772 pulchrum,
1849 1689 2013 1772 quid
2047 1692 2246 1774 turpe
2280 1690 2392 1772 sit,
2431 1691 2581 1778 pla-

314 1799 473 1866 nius
519 1818 602 1866 ac
654 1800 902 1867 melius
951 1801 1333 1886 Chrysippo
1383 1805 1451 1867 et
1496 1802 1825 1868 Crantore
1868 1802 2247 1887 praecipere
2296 1804 2581 1872 Flaccus

315 1913 670 1979 contendit
697 1913 809 1999 (2),
866 1913 1138 1999 epicum
1189 1932 1467 1981 carmen
1524 1915 1613 1981 ad
1671 1914 1956 1982 moralis
2008 1916 2338 2004 praecepti
2392 1936 2580 1984 com-

317 2028 626 2091 mentum
659 2026 979 2110 redigere
1018 2028 1314 2094 videtur.
1355 2029 1806 2113 Sexagesimo
1830 2029 2073 2114 'primo
2108 2030 2347 2098 saeculi
2395 2050 2578 2099 anno

317 2138 630 2223 Scaliger
663 2140 749 2206 de
779 2140 975 2224 epico
1014 2141 1319 2207 carmine
1349 2141 1670 2225 quaedam
1700 2142 1963 2225 scribit,
1997 2143 2068 2208 in
2103 2144 2351 2228 quibus
2385 2145 2581 2213 Aris-

315 2252 550 2318 totelis
566 2254 716 2337 jam
751 2252 1185 2338 disciplinam
1220 2255 1529 2338 sequitur
1568 2271 1582 2321 :
1614 2256 1735 2321 sed
1766 2255 1940 2321 nihil
1966 2256 2037 2321 in
2062 2256 2197 2338 his,
2226 2257 2407 2341 quod
2438 2276 2578 2325 non

316 2366 681 2431 confusum
710 2366 831 2452 sit;
881 2366 998 2432 vix
1026 2367 1204 2434 scire
1247 2370 1473 2453 potest
1509 2368 1813 2455 criticus,
1859 2387 1994 2452 quo
2041 2387 2116 2437 se
2146 2370 2293 2458 ipse
2328 2374 2571 2438 vertat.

314 2479 420 2545 Ne
481 2499 719 2547 veram
784 2480 1061 2564 quidem
1129 2478 1390 2550 Iliadis
1450 2484 1812 2549 materiam
1873 2484 2189 2566 dinoscit,
2244 2504 2450 2570 quam
2506 2486 2581 2553 in

312 2594 537 2678 Trojae
572 2594 841 2662 obsidio
881 2596 950 2661 et
983 2596 1495 2683 expugnatione
1531 2596 1705 2663 verti
1750 2598 1968 2663 credit
1993 2598 2098 2685 (3).
2136 2598 2309 2665 Illud
2345 2602 2576 2666 autem

309 2726 563 2794 poema
590 2712 780 2775 tanto
830 2707 1126 2776 AEneidi
1158 2709 1446 2777 inferius
1482 2729 1634 2778 esse
1670 2712 1962 2795 jndicat,
2002 2717 2258 2798 quanto
2286 2713 2580 2781 nobilis-

309 2820 514 2889 simae
551 2826 889 2891 matronae
919 2823 1078 2892 vilis
1103 2823 1512 2893 muliercula
1542 2824 1651 2912 (4).

402 2938 566 3003 Mox
615 2956 782 3004 vero
832 2956 920 3004 ex
964 2938 1375 3022 quibusdam
1427 2938 1819 3024 praeceptiS‚
1879 2956 2036 3024 quae
2091 2939 2202 3006 vel
2250 2958 2294 3006 a
2337 2958 2574 3025 graeco

308 3053 726 3146 philosopho
770 3053 880 3119 vel
921 3031 1007 3120 ex
1051 3053 1317 3120 Horatii
1363 3056 1529 3120 Arte
1569 3055 1839 3139 poetica
1874 3054 2090 3121 nostri
2123 3056 2316 3122 vates
2359 3055 2577 3123 duxe-

308 3170 497 3247 runt,
539 3170 658 3233 aut
705 3167 778 3233 in
819 3170 1131 3235 veterum
1177 3167 1346 3253 ipsis
1389 3168 1901 3254 exemplaribus
1945 3169 2296 3252 invenere,
2345 3170 2575 3236 multi-

306 3279 594 3366 plicium
655 3283 984 3364 tanquam
1045 3279 1499 3347 formularum
1546 3281 1765 3346 codex
1831 3281 2133 3365 undique
2189 3281 2566 3366 colligitur,

305 3413 515 3479 quem
546 3413 758 3479 penes
789 3395 965 3480 epici
997 3394 1323 3461 carminis
1337 3397 1479 3478 jus,
1517 3394 1881 3461 arbitrium
1910 3397 1978 3460 et
2001 3413 2246 3460 norma
2279 3414 2402 3480 per
2430 3396 2567 3463 duo

305 3509 455 3573 tota
482 3507 741 3573 saecula
762 3508 913 3574 erit.
951 3507 1398 3592 sexagesimo
1430 3509 1665 3591 quinto
1692 3508 1931 3576 saeculi
1957 3526 2139 3574 anno
2170 3509 2571 3576 Ronsardus

309 3622 549 3686 Artem
597 3621 962 3708 poeticam,
1020 3622 1105 3687 de
1155 3640 1291 3706 qua
1337 3639 1559 3706 pauca
1604 3624 1809 3687 antea
1863 3621 2080 3687 relata
2128 3625 2310 3703 sunt,
2367 3622 2509 3689 edit
2551 3639 2566 3690 :

305 3733 482 3799 nihil
528 3752 693 3799 vero
738 3733 808 3798 in
857 3733 988 3799 hac
1037 3734 1121 3799 de
1169 3733 1366 3819 epico
1419 3739 1758 3822 poemate.
1814 3736 2087 3823 Septem
2143 3743 2298 3821 post
2342 3736 2568 3817 annm,

306 3861 449 3910 non
475 3847 834 3911 contentus
863 3844 1046 3928 quod
1078 3845 1375 3911 Pindaro
1407 3846 1772 3913 aemulatus
1796 3850 2001 3929 esset,
2030 3848 2249 3913 altera
2273 3843 2573 3913 AE’neide

307 3959 759 4025 domesticam
813 3958 1076 4046 poesim
1148 3958 1470 4024 illustrat.
1545 3961 1624 4025 ln
1684 3957 2103 4028 Eram-iadis
2166 3960 2570 4045 praefatione

307 4073 551 4139 decem
585 4072 1011 4157 syllabarum
1041 4092 1346 4153 versum,
1369 4076 1444 4140 ut
1467 4074 1748 4140 heroico
1786 4076 2081 4159 poemati
2109 4075 2569 4161 aptissimum,

309 4187 589 4272 probat3
647 4188 732 4253 de
785 4188 1194 4272 quibusdam
1254 4186 1361 4253 sui
1416 4187 1634 4276 ipsius
1687 4189 1918 4273 operis
1979 4188 2149 4255 locis
2199 4188 2501 4277 disputat
2547 4203 2562 4254 ε

363 4448 425 4501 (l)
452 4448 548 4490 Are
564 4452 706 4502 poet„
728 4447 813 4491 lib.
835 4447 896 4492 11.

355 4526 419 4578 (2)
450 4526 569 4569 Hor.
597 4526 770 4579 Epicu,
792 4525 828 4578 1,
848 4525 893 4569 2.

360 4603 424 4658 (3)
457 4603 563 4648 Lib.
585 4603 667 4659 IV,
696 4615 803 4659 cap.
828 4604 866 4648 1.

366 4682 427 4738 (4)
455 4681 525 4726 De
549 4683 646 4738 his,
667 4694 774 4738 quae
795 4693 945 4738 supra
970 4684 1321 4737 memorantur.
1338 4683 1411 4729 Cf.
1429 4683 1604 4739 Emer,
1633 4693 1713 4739 op.
1734 4683 1835 4736 cit„
1856 4682 1999 4737 lecou
2024 4683 2106 4728 17«.
