3561 5729
1833 599 2152 658 ...10—

851 740 1264 823 jamdudum
1321 739 1668 806 oblivione
1727 741 1922 825 quasi
1977 742 2250 826 sepulta
2305 761 2442 808 non
2490 744 2899 826 jacuissent,
2952 748 3128 814 sexti

861 854 1107 921 decimi
1137 854 1375 921 saeculi
1409 854 1829 922 recentiores
1865 860 2104 940 poetas
2144 856 2451 940 profecto
2487 857 2852 924 dehortata
2871 864 3126 939 essent,

863 985 951 1034 ne
985 966 1317 1052 quidquid
1348 966 1722 1033 vernacula
1757 986 1955 1034 musa
1994 968 2285 1035 fudisset
2318 986 2504 1035 caeco
2539 972 2932 1054 contemptu
2967 989 3129 1056 pro-

863 1086 1339 1166 sequerentur,
1364 1087 1433 1148 et
1461 1100 1586 1168 pro
1613 1086 1808 1150 recto
1850 1083 2274 1168 pulchroque
2308 1082 2507 1165 nihil,
2530 1083 2663 1149 nisi
2686 1086 2867 1168 quod
2904 1086 3126 1152 Graeci

864 1196 1293 1281 Romanique
1359 1197 1732 1282 scriptores
1793 1198 2280 1279 sacravissent,
2335 1197 2594 1264 habere
2643 1197 2924 1265 vellent.
2960 1201 3130 1264 Pro-

864 1313 1068 1393 fect0,
1106 1315 1419 1379 veterum
1450 1331 1664 1399 opera
1700 1332 1844 1381 non
1872 1314 2217 1379 immerito
2249 1314 2504 1396 mirati,
2542 1315 2629 1381 ad
2661 1333 2901 1380 eorum
2937 1311 3130 1381 simi-

863 1426 1229 1493 litudinem
1283 1426 1624 1493 Gallicum
1676 1426 2037 1511 ingenium
2089 1427 2359 1511 fingere
2411 1428 2893 1512 tentavissent3
2953 1429 3132 1494 hanc

866 1557 1032 1607 vero
1066 1539 1452 1636 legitimam
1476 1539 1905 1625 antiquitatis
1940 1540 2450 1608 observantiam
2481 1541 2725 1629 patriae
2761 1559 2960 1606 venae
2985 1559 3132 1606 res-

867 1657 1070 1740 pectu
1104 1656 1402 1740 quodam
1439 1659 1624 1723 certe
1662 1658 2187 1740 temperassent.
2233 1658 2322 1722 At
2359 1659 2622 1737 contra,
2675 1658 2954 1725 ineunte
2978 1659 3126 1741 jam

869 1770 1064 1834 sexto
1105 1768 1374 1834 decimo
1405 1768 1688 1851 saecuIO,
1734 1787 1940 1835 nemo
1975 1768 2117 1835 sere
2148 1769 2327 1835 inter
2359 1770 2661 1836 Francos
2686 1775 2813 1852 est,
2858 1771 2972 1855 qui
3014 1789 3132 1836 ve·-

867 1885 1018 1948 tera
1049 1887 1443 1949 nostrorum
1477 1885 1711 1949 vatum
1742 1884 2001 1972 scripta
2024 1884 2416 1952 meminerit
2449 1901 2463 1950 :
2502 1884 2716 1970 epicis
2748 1884 3130 1969 priscarum

869 2001 1152 2065 aetatum
1206 1998 1652 2082 carminibus,
1701 1999 2203 2067 commenticiae
2250 2001 2569 2084 quaedam
2615 2000 2928 2066 historiae
2977 2020 3134 2067 suc-

868 2113 1244 2194 cesserant,
1278 2110 1572 2178 inficetis
1614 2112 2002 2197 ineptisque
2037 2112 2243 2196 nugis
2271 2113 2809 2198 commendatae3
2853 2114 3131 2199 provin-

868 2226 1148 2291 cialium
1213 2229 1444 2293 autem
1507 2230 1867 2312 poetarum
1925 2231 2167 2294 cantus
2227 2232 2643 2314 exceperant
2688 2230 2922 2295 nescio
2976 2248 3131 2314 quae

872 2341 1241 2407 verborum
1298 2337 1917 2429 rhythmorumque
1960 2340 2364 2427 praestigiae,
2420 2342 2668 2426 quibus
2703 2344 2852 2427 jam
2902 2344 3131 2431 poesis

867 2455 1013 2519 tota
1046 2456 1360 2520 constare
1395 2453 1792 2540 videbatur3
1833 2455 2014 2539 quod
2054 2434 2218 2520 vero
2253 2455 2340 2520 ad
2384 2454 2729 2543 plebeiam
2763 2456 2998 2540 gallici
3030 2456 3132 2522 in-

868 2565 1059 2652 genii
1095 2584 1343 2632 venam
1377 2564 1644 2648 attinet,
1692 2566 1882 2650 viget
1925 2566 2204 2650 quidem
2238 2585 2321 2633 ea
2363 2586 2492 2633 nec
2538 2568 2902 2652 quicquam
2958 2569 3134 2655 pris-

866 2681 994 2748 tini
1025 2681 1191 2749 salis
1224 2681 1480 2764 amisit,
1517 2681 1641 2748 sed
1671 2681 1742 2746 in
1771 2699 1846 2748 se
1884 2698 2024 2747 non
2062 2680 2294 2762 habet,
2329 2680 2513 2748 unde
2547 2682 2856 2748 divinum
2897 2685 3133 2768 poeta-

866 2816 1023 2864 rum
1056 2797 1455 2864 instinctum
1488 2796 1931 2882 afflatumque
1975 2797 2227 2863 excitet
2258 2815 2341 2863 ac
2383 2798 2678 2863 tueatur.
2721 2800 2956 2882 Itaque
2988 2816 3125 2864 non

867 2912 1259 2978 mirandum
1304 2914 1432 2993 est,
1484 2912 1665 2996 quod
1710 2912 1888 2978 sexti
1937 2911 2186 2977 decimi
2235 2912 2472 2978 saeculi
2527 2912 2923 2996 scriptoreS,
2975 2931 3130 2978 cum

871 3021 1010 3088 illis
1041 3021 1393 3105 indigenae
1430 3021 1661 3109 poesis
1704 3021 2055 3110 operibuS,
2114 3039 2270 3105 quae
2310 3021 2462 3087 sola
2506 3024 2775 3103 norant,
2829 3021 3132 3105 perfecta

867 3135 1296 3221 antiquitatis
1345 3139 1792 3203 monumenta
1840 3137 2254 3216 conferrent,
2307 3154 2578 3203 summa
2621 3135 3127 3221 contemptione

866 3255 1167 3333 nostros,
1214 3269 1484 3317 summa
1516 3251 1910 3317 reverentia
1938 3254 2002 3317 et
2043 3250 2240 3336 quasi
2291 3250 2633 3334 religione
2666 3249 2958 3317 Graeciae
2995 3252 3131 3316 Ro-

868 3382 1140 3448 maeque
1174 3366 1368 3430 vates
1401 3367 1561 3430 sunt
1584 3363 1954 3450 prosecuti.

957 3477 1226 3552 Quanta
1254 3480 1460 3558 esset,
1500 3476 1575 3543 in
1613 3477 1854 3562 primis
1882 3475 2059 3543 sexti
2089 3474 2339 3542 decimi
2385 3474 2623 3542 saeculi
2671 3475 3123 3559 temporibuS,

870 3594 1128 3658 nostrae
1162 3589 1393 3675 poesis
1422 3589 1681 3679 inopia,
1714 3588 1901 3656 Petri
1931 3588 2135 3655 Fabri
2169 3591 2302 3654 Ars
2336 3588 2605 3677 poetica
2630 3587 2712 3673 (1)
2747 3593 2932 3654 recte
2951 3588 3129 3671 judi-

869 3707 1069 3774 candi
1107 3706 1377 3792 copiam
1410 3707 1611 3772 nobis
1644 3706 1910 3791 praebet
1957 3720 1970 3769 ε
2011 3705 2164 3771 haec
2208 3709 2312 3772 est
2345 3705 2528 3770 enim
2568 3704 2881 3770 doctrina
2924 3703 3129 3770 disci-

868 3820 1194 3910 plinaque
1229 3820 1338 3886 his
1363 3820 1584 3905 poetis
1617 3820 2090 3901 accommoda,
2123 3819 2240 3903 qui
2266 3818 2388 3885 illa
2406 3821 2812 3904 tempestate
2842 3816 3129 3882 summis

872 3934 1193 4001 laudibus
1231 3933 1588 4001 florebant.

960 4053 1177 4118 Immo
1209 4050 1495 4134 longum
1514 4050 1661 4134 jam
1681 4052 1831 4116 erat
1862 4048 2194 4134 temporis
2228 4047 2551 4133 spatium,
2580 4065 2667 4112 ex
2688 4064 2823 4130 quo
2851 4044 3128 4129 gallicae

870 4184 1091 4232 musae
1117 4163 1351 4231 omnia
1382 4163 1880 4244 dedidicerant,
1918 4180 2076 4247 quae
2104 4179 2343 4227 veram
2379 4160 2640 4249 poesim
2669 4159 2884 4226 alunt.
2927 4157 3127 4224 Fabri

875 4305 909 4346 «
956 4281 1324 4348 Rhetorice
1370 4304 1404 4342 »
1458 4278 1843 4347 nonmodo
1887 4278 1974 4344 ad
2017 4277 2242 4363 ipsam
2297 4276 2476 4342 hanc
2518 4279 2792 4341 aetatem
2838 4275 3124 4359 spectat,

871 4415 1008 4480 qua
1045 4394 1299 4462 emissa
1332 4397 1461 4478 est,
1510 4395 1630 4461 sed
1671 4393 1879 4460 etiam
1923 4393 2011 4458 ad
2042 4394 2423 4457 extremam
2457 4389 2675 4473 quinti
2713 4387 2961 4454 decimi
2997 4404 3130 4453 sae-

922 4647 985 4702 (1)
1006 4645 1121 4691 1521.
