3561 5729
1344 639 1666 702 -ἿἿ-

555 784 729 851 Μ318
763 784 915 851 rien
948 785 1125 851 n'est
1151 783 1206 851 si
1236 783 1535 872 plaisant
1567 804 1698 869 que
1729 785 1798 850 la
1821 788 2056 852 courte
2082 788 2406 870 odelette,

553 899 792 966 Pleine
822 899 909 965 de
931 900 1054 984 jeu
1080 898 1416 979 d'amour,
1450 898 1668 965 douce
1702 902 1767 964 et
1806 899 2334 983 mignardelette
2369 899 2479 988 (l).

373 1099 520 1168 Nec
588 1101 855 1166 tantum
907 1102 979 1166 in
1025 1103 1190 1167 Arte
1244 1100 1515 1185 poetica
1563 1100 1726 1185 quid
1792 1100 2042 1167 sentiat
2090 1101 2349 1187 apertis
2405 1101 2638 1169 verbis

374 1212 707 1295 declarat,
746 1213 869 1279 sed
904 1212 1111 1279 etiam
1142 1212 1469 1298 pleraque
1500 1215 1648 1296 ejus
1685 1231 1899 1299 opera
1932 1213 2223 1279 eandem
2258 1213 2636 1281 voluntatis

373 1325 896 1392 inclinationem
928 1326 1289 1392 manifeste
1328 1326 1745 1410 significant.
1782 1327 2027 1393 Nullus
2061 1327 2247 1393 enim
2290 1331 2418 1412 est,
2452 1328 2635 1395 inter

372 1440 554 1507 sexti
589 1439 838 1506 decimi
871 1440 1108 1506 saeculi
1145 1443 1411 1528 poetas,
1456 1440 1527 1506 in
1561 1459 1695 1524 quo
1724 1440 1923 1527 plura
1952 1440 2416 1524 inveniantur,
2449 1460 2633 1526 quae,

371 1554 510 1620 levi
565 1555 864 1639 quadam
919 1557 987 1620 et
1054 1554 1248 1621 suavi
1319 1559 1705 1637 venustate,
1765 1556 2340 1621 Anacreonticam
2388 1571 2639 1622 venam

371 1666 758 1733 redoleant.
789 1705 877 1713 —
907 1669 1169 1733 Versus
1192 1685 1404 1751 supra
1432 1668 1687 1733 relatos
1722 1667 1822 1733 illi
1854 1671 2256 1752 sequuntur,
2286 1668 2358 1733 in
2390 1668 2641 1752 quibus

372 1781 756 1870 pindaricae
786 1799 1006 1848 musae
1039 1799 1398 1848 recursum
1422 1782 1724 1867 aliquem
1749 1782 2122 1848 formidare
2157 1785 2226 1848 et
2252 1782 2640 1850 abominari

371 1895 688 1962 videtur:

556 2083 624 2151 Si
656 2089 730 2152 tu
765 2104 947 2152 veux
974 2085 1065 2150 du
1099 2084 1373 2168 scavoir
1408 2084 1817 2173 philosophe
1847 2104 1891 2169 y
1920 2084 2198 2167 mesler,

557 2202 692 2266 Par
725 2200 795 2266 la
828 2201 1028 2266 Muse
1065 2198 1113 2265 il
1143 2198 1208 2265 le
1235 2198 1380 2265 faut
1405 2199 1447 2264 a
1478 2202 1597 2265 ton
1631 2197 1787 2264 aide
1821 2198 2136 2283 appeler.
2167 2248 2180 2263 .
2212 2250 2225 2263 .

557 2314 641 2379 Et
672 2331 809 2378 11011
845 2312 1243 2397 l'assujettir
1276 2330 1412 2378 aux
1448 2313 1626 2377 mots
1661 2310 2109 2377 sentencieux

558 2427 729 2493 Sans
764 2426 1013 2511 qu'elle
1049 2428 1243 2494 sente
1274 2445 1368 2492 un
1398 2445 1531 2511 peu
1565 2444 1692 2491 son
1725 2424 1835 2490 air
1863 2424 2259 2511 capricieux
2285 2422 2395 2511 (2).

375 2630 758 2697 Pindarum
813 2649 1083 2698 summa
1136 2631 1554 2713 reverentia,
1610 2650 1649 2698 e
1701 2631 2082 2716 longinquo
2128 2633 2414 2716 majore,
2474 2631 2644 2698 Val-

376 2745 659 2813 kelinus
687 2746 1153 2831 prosequitur,
1186 2747 1307 2814 sed
1339 2746 1624 2831 mavult,
1662 2748 1737 2811 ut
1770 2746 1918 2831 ipse
1947 2749 2070 2828 alt,

572 2913 589 2926 .
663 2912 678 2927 .
752 2912 766 2926 .
841 2914 854 2927 .
889 2875 898 2888 ·
931 2913 944 2928 .
1019 2912 1032 2927 .
1107 2913 1121 2927 .
1228 2863 1297 2928 et
1320 2861 1636 2946 s'esjouir
1662 2863 1729 2927 et
1757 2860 1896 2927 rire

559 2976 642 3042 Et
672 2993 792 3042 sur
814 2975 885 3041 la
911 2975 1211 3043 Teienne
1246 2979 1315 3042 et
1341 2975 1411 3041 la
1444 2975 1788 3063 Saphique
1821 2974 1970 3059 lyre
2001 2972 2109 3061 (3).

379 3177 729 3242 Versuum
785 3192 1152 3264 operosam
1193 3172 1748 3258 laboriosamque
1799 3175 2020 3240 artem
2071 3174 2422 3255 abhorret,
2483 3172 2638 3258 qui-

382 3294 512 3357 bus
543 3292 747 3379 poeta
779 3289 1104 3374 primum,
1141 3287 1393 3354 deinde
1426 3288 1721 3354 lectores
1753 3288 1883 3372 ipsi
1914 3290 2344 3371 torquentur.

562 3486 740 3553 C'est
774 3486 839 3552 le
867 3488 1012 3561 but,
1047 3487 1214 3553 c’est
1246 3486 1315 3552 la
1347 3487 1443 3552 fin
1469 3486 1590 3552 des
1624 3504 1782 3553 vers
1811 3504 1943 3569 que
1978 3483 2301 3568 resjouir,

563 3600 693 3666 Les
726 3602 957 3667 Muses
991 3602 1378 3666 autrement
1412 3617 1498 3666 ne
1532 3600 1635 3665 les
1670 3599 1949 3666 veulent
1983 3605 2137 3664 ouIr
2169 3597 2281 3685 (4).

371 3798 711 3874 ,Quamvis
755 3798 939 3863 enim
997 3798 1318 3865 maximis
1366 3797 1686 3865 laudibus
1740 3797 2002 3882 primas
2050 3794 2260 3860 etiam
2293 3791 2635 3859 Ronsardi

385 3912 556 3978 odas
590 3912 917 3994 cumulet,
947 3912 1154 3978 sentit
1190 3912 1506 3994 sortasse,
1532 3916 1800 3977 naturae
1829 3909 2053 3992 magis
2083 3907 2408 3974 instinctu
2437 3923 2645 3990 quam

386 4026 656 4092 ratione
699 4025 874 4111 ipsa,
911 4028 1305 4092 nostrorum
1353 4028 1710 4111 poetarum
1758 4023 2117 4107 ingenium
2168 4022 2380 4087 tantae
2413 4019 2649 4085 altitu-

388 4137 533 4204 dini
567 4138 792 4223 impar
816 4156 1006 4216 esse;
1046 4157 1185 4204 non
1218 4143 1450 4205 autem
1483 4137 1672 4203 aliud
1709 4139 1815 4204 est
1856 4138 2288 4224 posterorum
2307 4131 2653 4217 judicium

389 4251 477 4317 de
506 4269 855 4335 generosa
885 4251 1189 4319 Pleiadis
1217 4251 1535 4318 audacia.
2102 4245 2113 4258 “

442 4463 504 4518 (l)
534 4463 679 4508 Valk.
701 4464 797 4506 Are
816 4467 959 4518 poet„
978 4462 1065 4507 lib.
1092 4462 1129 4507 1.

442 4543 506 4595 (2)
533 4540 682 4585 valk.
702 4541 796 4583 Are
812 4545 953 4594 poet„
973 4540 1059 4585 lib.
1083 4539 1120 4584 Ι.

445 4616 505 4671 (31
535 4617 657 4660 unu.

443 4698 506 4749 (4)
534 4697 657 4741 Ibid.
