3561 5729
1280 655 1600 716 ...31-

407 800 624 868 Paulo
685 799 1004 886 superius
1052 799 1345 867 relatum
1387 803 1525 881 est,
1567 801 1822 885 quanto
1858 800 2084 868 studio
2129 801 2393 883 Scaeva,
2433 802 2570 868 He·

316 917 552 981 roetus
570 915 931 999 cunctique
948 917 1141 982 vates
1158 915 1274 999 qui
1296 915 1587 981 eandem
1614 914 2047 1000 disciplinam
2074 917 2567 1000 sequebantur,

316 1043 575 1111 graecae
621 1025 993 1110 latinaeque
1037 1025 1300 1110 linguae
1335 1026 1673 1094 vocabula
1705 1027 1776 1091 in
1815 1030 2123 1093 nostrum
2177 1045 2568 1093 sermonem

317 1139 644 1206 inducere
679 1143 1044 1206 tentarent.
1081 1142 1158 1206 In
1188 1143 1431 1225 quarto
1465 1141 1714 1227 capite,
1753 1140 1862 1206 cui
1898 1140 2138 1207 titulus
2180 1142 2266 1208 de
2301 1142 2572 1227 poetica

317 1252 705 1320 elocutione
765 1256 902 1336 est,
964 1252 1271 1338 aequales
1308 1257 1547 1343 poetas
1591 1254 1913 1321 Sibiletus
1958 1255 2315 1337 admonet,
2366 1257 2440 1321 ut
2496 1255 2570 1321 in

316 1366 663 1451 fingendis
687 1368 972 1435 vocibus
1002 1368 1310 1435 modeste
1340 1371 1673 1453 cauteque
1706 1371 2070 1435 versentur
2096 1371 2274 1454 (Ipse
2309 1369 2568 1461 Scaevae

316 1480 625 1547 carmina
661 1482 804 1547 tam
841 1483 1135 1548 obscura
1176 1483 1246 1547 et
1282 1480 1502 1547 ardua
1543 1499 1696 1548 esse
1740 1480 2204 1559 existimabat,
2243 1484 2318 1548 ut
2363 1500 2437 1548 se
2486 1500 2570 1548 ea

315 1611 404 1659 ne
451 1592 857 1678 intellegere
903 1593 1181 1677 quidem
1229 1591 1610 1680 fateretur).
1678 1593 1875 1659 Haud
1933 1593 2074 1659 alia
2123 1596 2274 1660 erat
2321 1594 2568 1660 Maroti

317 1706 587 1793 opinio,
641 1708 799 1793 qui,
857 1708 1172 1793 quamvis
1224 1707 1458 1774 latinae
1511 1707 1741 1793 poesis
1784 1707 2166 1791 studiosae,
2220 1726 2571 1792 nunquam

317 1822 550 1888 tamen
588 1822 676 1887 ab
714 1820 1016 1905 antiquis
1065 1820 1515 1906 scriptoribus
1556 1822 1732 1888 adeo
1775 1820 2135 1888 devinctus
2172 1820 2321 1904 fuit,
2370 1832 2443 1887 ut
2483 1823 2571 1888 ab

318 1933 407 1999 iis
452 1933 790 2001 sermonis
832 1934 1062 2019 ipsum
1092 1937 1421 2018 tanquam
1456 1933 1986 2001 instrumentum
2021 1935 2307 2019 peteret.
2353 1936 2569 2002 Immo

317 2047 640 2115 Mellinus
668 2049 1138 2133 SangelasiuS‚
1176 2051 1325 2134 ejus
1359 2050 1561 2116 heres
1589 2067 1672 2115 ac
1698 2048 2104 2137 discipuluS,
2138 2049 2309 2115 nihil
2344 2048 2572 2133 magis

317 2163 502 2247 apud
551 2163 986 2230 Ronsardum
1037 2163 1472 2247 Pleiadisque
1521 2171 1715 2230 vates
1783 2163 2069 2247 respuit,
2124 2181 2328 2247 quam
2389 2164 2571 2248 quod

320 2276 410 2341 ad
467 2281 780 2344 veterum
825 2277 1279 2345 imitationem
1326 2277 1766 2344 vernaculam
1810 2277 2125 2360 linguam
2183 2295 2570 2344 accommo-

319 2389 507 2457 dant.
2332 2443 2338 2449 .

411 2505 486 2569 In
520 2504 758 2588 quinto
787 2505 1011 2591 capite
1046 2504 1159 2593 (l),
1193 2524 1443 2573 novem
1479 2523 1803 2573 versuum
1832 2523 2099 2588 genera
2138 2523 2291 2571 esse
2324 2504 2571 2571 Sibile-

321 2620 434 2685 tus
480 2619 875 2686 contendit:
934 2618 1137 2686 unius
1189 2619 1477 2704 syllabae
1520 2606 1800 2686 ffersum
1852 2636 1990 2685 non
2036 2618 2345 2708 recipere
2397 2618 2568 2701 vult,

323 2749 548 2816 neque
580 2750 829 2799 novem
861 2737 983 2800 aut
1008 2732 1328 2799 undecim
1363 2732 1811 2817 syllabarum.
1848 2730 1917 2798 Si
1954 2730 2016 2797 ei
2052 2731 2377 2813 creditur,
2418 2735 2573 2799 octo

322 2849 575 2934 pedum
630 2868 874 2917 versus
933 2849 1179 2917 eodem
1235 2848 1440 2915 modo
1497 2847 1712 2915 Gallis
1765 2849 1871 2914 est
1916 2846 2386 2933 usurpanduS,
2437 2864 2572 2931 quo

322 2962 635 3046 elegiaca
680 2963 989 3029 carmina
1037 2963 1261 3030 Graeci
1308 2962 1667 3046 Latinique
1729 2965 2260 3047 usurpaverunt.
2323 2964 2572 3028 Decem

321 3075 746 3160 syllabarum
786 3094 1053 3158 versus,
1091 3094 1226 3160 quo
1273 3095 1532 3160 genere
1581 3075 1849 3144 nullum
1904 3075 2090 3142 aliud
2149 3075 2573 3160 frequentius

323 3207 476 3256 esse
510 3189 699 3272 dicit,
736 3190 1033 3257 heroicis
1063 3195 1375 3257 veterum
1408 3190 1830 3258 carminibus
1859 3191 2266 3276 respondet;
2314 3189 2573 3256 duode-

324 3301 459 3368 cim
527 3306 761 3371 autem
820 3304 1244 3388 syllabarum
1301 3322 1579 3371 versum
1634 3322 1774 3370 non
1827 3302 1902 3369 in
1953 3303 2156 3371 solito
2212 3307 2573 3391 poetarum

321 3432 516 3482 more
562 3417 771 3484 situm
816 3436 995 3499 esse,
1037 3421 1112 3485 ut
1152 3418 1398 3500 Faber,
1436 3420 1749 3500 testatur,
1814 3417 1977 3501 quia
2024 3416 2308 3500 gravior
2353 3417 2443 3483 sit
2491 3434 2574 3482 ac

321 3529 714 3617 molestior;
762 3531 1026 3598 Sonetto
1075 3531 1315 3598 decem
1368 3529 1476 3618 (2),
1520 3527 1777 3598 baladoe
1817 3530 1927 3597 vel
1973 3530 2212 3597 decem
2256 3529 2366 3596 vel
2419 3531 2572 3597 octo

322 3643 747 3729 syllabarum
799 3644 885 3731 (3)
941 3663 1217 3712 versum
1261 3645 1608 3731 assignat3
1660 3645 1855 3712 illum
1914 3662 2079 3711 vero
2131 3644 2220 3710 ad
2271 3645 2571 3729 majora,

321 3756 508 3824 hunc
548 3758 636 3824 ad
678 3758 944 3826 leviora
987 3763 1254 3826 tantum
1296 3763 1365 3826 et
1406 3759 1657 3826 hilaria
1697 3761 1937 3826 natum
1977 3777 2129 3826 esse
2170 3759 2567 3824 arbitratur.

322 3873 402 3939 In
428 3873 689 3940 erotica
716 3875 1012 3959 denique
1047 3876 1393 3942 cantilena
1426 3893 1632 3960 quam
1667 3874 2095 3941 brevissimis
2124 3874 2440 3941 versibus
2474 3873 2573 3941 uti

324 3991 565 4073 poetas
587 3989 787 4072 Jubet
820 3987 937 4074 (4),
975 4007 1109 4074 quo
1146 3989 1415 4056 facilius
1448 3989 1536 4055 ad
1568 3989 1907 4055 citharam
1941 3992 2249 4055 canatur.

414 4100 509 4166 De
555 4097 902 4189 rhythmis
952 4101 1131 4168 inter
1179 4121 1254 4168 se
1302 4097 1722 4183 cruciandis,
1777 4100 2058 4167 easdem
2109 4118 2349 4186 prope,
2404 4117 2576 4184 quas

327 4215 573 4297 Faber,
610 4215 940 4282 describit
980 4216 1306 4284 Sibiletus
1356 4218 1668 4302 figuras:
1708 4216 1873 4301 quid
1921 4217 1985 4282 ei
2028 4216 2219 4319 sitin
2256 4216 2388 4284 hoc
2415 4233 2578 4301 pro-

378 4465 443 4522 (1)
468 4465 577 4512 Lu».
596 4466 635 4512 1.

378 4544 444 4594 (2)
470 4543 579 4589 Lib.
598 4543 659 4597 11.
678 4554 791 4601 cap.
808 4542 869 4589 11.

377 4619 443 4675 (3)
463 4621 604 4675 Iud„
625 4631 734 4677 cap.
759 4620 845 4666 lv.

379 4697 444 4751 (4)
469 4697 609 4751 loia„
629 4708 737 4753 cap.
758 4697 819 4742 V.
