<?xml version="1.0" encoding="UTF-8"?>
<!DOCTYPE html PUBLIC "-//W3C//DTD XHTML 1.0 Transitional//EN"
    "http://www.w3.org/TR/xhtml1/DTD/xhtml1-transitional.dtd">
<html xmlns="http://www.w3.org/1999/xhtml" xml:lang="en" lang="en">
 <head>
  <title>
</title>
<meta http-equiv="Content-Type" content="text/html;charset=utf-8" />
  <meta name='ocr-system' content='tesseract 3.04.00' />
  <meta name='ocr-capabilities' content='ocr_page ocr_carea ocr_par ocr_line ocrx_word'/>
</head>
<body>
  <div class='ocr_page' id='page_1' title='image "./desextidecimisa00pellgoog_0025.png"; bbox 0 0 3561 5729; ppageno 0'>
   <div class='ocr_carea' id='block_1_1' title="bbox 1380 625 1694 689">
    <p class='ocr_par' dir='ltr' id='par_1_1' title="bbox 1380 625 1694 689">
     <span class='ocr_line' id='line_1_1' title="bbox 1380 625 1694 689; baseline -0.003 -18"><span class='ocrx_word' id='word_1_1' title='bbox 1380 625 1694 689; x_wconf 62' lang='lat'><strong>„21-</strong></span> 
     </span>
    </p>
   </div>
   <div class='ocr_carea' id='block_1_2' title="bbox 389 770 2683 4053">
    <p class='ocr_par' dir='ltr' id='par_1_2' title="bbox 389 770 2683 4053">
     <span class='ocr_line' id='line_1_2' title="bbox 405 770 2660 859; baseline 0.002 -24"><span class='ocrx_word' id='word_1_2' title='bbox 405 770 628 859; x_wconf 88' lang='lat' dir='ltr'><strong>primo</strong></span> <span class='ocrx_word' id='word_1_3' title='bbox 668 770 930 851; x_wconf 88' lang='lat' dir='ltr'><strong>definit,</strong></span> <span class='ocrx_word' id='word_1_4' title='bbox 979 770 1092 854; x_wconf 91' lang='lat' dir='ltr'><strong>qui</strong></span> <span class='ocrx_word' id='word_1_5' title='bbox 1138 773 1284 836; x_wconf 93' lang='lat' dir='ltr'><strong>tum</strong></span> <span class='ocrx_word' id='word_1_6' title='bbox 1315 771 1631 852; x_wconf 85' lang='lat' dir='ltr'><strong>efficitur,</strong></span> <span class='ocrx_word' id='word_1_7' title='bbox 1670 789 1825 837; x_wconf 91' lang='lat' dir='ltr'><strong>cum</strong></span> <span class='ocrx_word' id='word_1_8' title='bbox 1860 771 2145 837; x_wconf 87' lang='lat' dir='ltr'><strong>alterius</strong></span> <span class='ocrx_word' id='word_1_9' title='bbox 2173 790 2416 839; x_wconf 85' lang='lat' dir='ltr'><strong>versus</strong></span> <span class='ocrx_word' id='word_1_10' title='bbox 2450 774 2660 841; x_wconf 89' lang='lat' dir='ltr'><strong>finem</strong></span> 
     </span>
     <span class='ocr_line' id='line_1_3' title="bbox 404 885 2660 971; baseline 0.002 -21"><span class='ocrx_word' id='word_1_11' title='bbox 404 885 809 969; x_wconf 87' lang='lat' dir='ltr'><strong>ambiguum</strong></span> <span class='ocrx_word' id='word_1_12' title='bbox 839 885 1126 951; x_wconf 87' lang='lat' dir='ltr'><strong>verbum</strong></span> <span class='ocrx_word' id='word_1_13' title='bbox 1148 885 1433 966; x_wconf 89' lang='lat' dir='ltr'><strong>obtinet,</strong></span> <span class='ocrx_word' id='word_1_14' title='bbox 1463 885 1819 971; x_wconf 85' lang='lat' dir='ltr'><strong>proximus</strong></span> <span class='ocrx_word' id='word_1_15' title='bbox 1848 888 2076 951; x_wconf 86' lang='lat' dir='ltr'><strong>autem</strong></span> <span class='ocrx_word' id='word_1_16' title='bbox 2113 905 2354 953; x_wconf 88' lang='lat' dir='ltr'><strong>versus</strong></span> <span class='ocrx_word' id='word_1_17' title='bbox 2389 887 2660 954; x_wconf 89' lang='lat' dir='ltr'><strong>initium</strong></span> 
     </span>
     <span class='ocr_line' id='line_1_4' title="bbox 404 999 2659 1085; baseline 0.001 -20"><span class='ocrx_word' id='word_1_18' title='bbox 404 999 492 1065; x_wconf 85' lang='lat' dir='ltr'><strong>ab</strong></span> <span class='ocrx_word' id='word_1_19' title='bbox 531 999 774 1065; x_wconf 90' lang='lat' dir='ltr'><strong>eadem</strong></span> <span class='ocrx_word' id='word_1_20' title='bbox 808 1016 977 1065; x_wconf 90' lang='lat' dir='ltr'><strong>voce</strong></span> <span class='ocrx_word' id='word_1_21' title='bbox 1014 999 1085 1064; x_wconf 94' lang='lat' dir='ltr'><strong>in</strong></span> <span class='ocrx_word' id='word_1_22' title='bbox 1133 999 1537 1083; x_wconf 84' lang='lat' dir='ltr'><strong>ambiguum</strong></span> <span class='ocrx_word' id='word_1_23' title='bbox 1575 1017 1855 1065; x_wconf 91' lang='lat' dir='ltr'><strong>sensum</strong></span> <span class='ocrx_word' id='word_1_24' title='bbox 1888 1004 2170 1085; x_wconf 83' lang='lat' dir='ltr'><strong>accepta</strong></span> <span class='ocrx_word' id='word_1_25' title='bbox 2203 1001 2410 1067; x_wconf 89' lang='lat' dir='ltr'><strong>ducit.</strong></span> <span class='ocrx_word' id='word_1_26' title='bbox 2465 1002 2659 1068; x_wconf 82' lang='lat' dir='ltr'><strong>Alius</strong></span> 
     </span>
     <span class='ocr_line' id='line_1_5' title="bbox 405 1111 2654 1203; baseline 0 -22"><span class='ocrx_word' id='word_1_27' title='bbox 405 1114 713 1197; x_wconf 77' lang='lat' dir='ltr'><strong>eJusdem</strong></span> <span class='ocrx_word' id='word_1_28' title='bbox 748 1114 1050 1198; x_wconf 84' lang='lat' dir='ltr'><strong>generis,</strong></span> <span class='ocrx_word' id='word_1_29' title='bbox 1090 1115 1211 1180; x_wconf 86' lang='lat' dir='ltr'><strong>sed</strong></span> <span class='ocrx_word' id='word_1_30' title='bbox 1246 1114 1596 1190; x_wconf 89' lang='lat' dir='ltr'><strong>humilior,</strong></span> <span class='ocrx_word' id='word_1_31' title='bbox 1640 1111 2009 1203; x_wconf 71' lang='lat' dir='ltr'><strong>rhythmus</strong></span> <span class='ocrx_word' id='word_1_32' title='bbox 2055 1116 2371 1200; x_wconf 88' lang='lat' dir='ltr'><strong>usurpari</strong></span> <span class='ocrx_word' id='word_1_33' title='bbox 2409 1119 2654 1201; x_wconf 90' lang='lat' dir='ltr'><strong>potest,</strong></span> 
     </span>
     <span class='ocr_line' id='line_1_6' title="bbox 406 1228 2659 1313; baseline 0.001 -19"><span class='ocrx_word' id='word_1_34' title='bbox 406 1228 521 1312; x_wconf 90' lang='lat' dir='ltr'><strong>qui</strong></span> <span class='ocrx_word' id='word_1_35' title='bbox 566 1247 654 1293; x_wconf 82' lang='lat' dir='ltr'><strong>ex</strong></span> <span class='ocrx_word' id='word_1_36' title='bbox 703 1228 1197 1313; x_wconf 81' lang='lat' dir='ltr'>monosyllabis</span> <span class='ocrx_word' id='word_1_37' title='bbox 1241 1229 1470 1294; x_wconf 89' lang='lat' dir='ltr'><strong>verbis</strong></span> <span class='ocrx_word' id='word_1_38' title='bbox 1529 1229 1598 1293; x_wconf 88' lang='lat' dir='ltr'><strong>in</strong></span> <span class='ocrx_word' id='word_1_39' title='bbox 1647 1228 2047 1313; x_wconf 82' lang='lat' dir='ltr'><strong>ambiguam</strong></span> <span class='ocrx_word' id='word_1_40' title='bbox 2094 1230 2504 1295; x_wconf 79' lang='lat' dir='ltr'>sententiam</span> <span class='ocrx_word' id='word_1_41' title='bbox 2537 1231 2659 1296; x_wconf 86' lang='lat' dir='ltr'><strong>ad-</strong></span> 
     </span>
     <span class='ocr_line' id='line_1_7' title="bbox 405 1340 2655 1430; baseline 0.001 -23"><span class='ocrx_word' id='word_1_42' title='bbox 405 1340 632 1407; x_wconf 82' lang='lat' dir='ltr'><strong>missis</strong></span> <span class='ocrx_word' id='word_1_43' title='bbox 681 1344 969 1407; x_wconf 88' lang='lat' dir='ltr'><strong>constat.</strong></span> <span class='ocrx_word' id='word_1_44' title='bbox 1029 1343 1145 1407; x_wconf 89' lang='lat' dir='ltr'><strong>Est</strong></span> <span class='ocrx_word' id='word_1_45' title='bbox 1206 1343 1433 1425; x_wconf 84' lang='lat' dir='ltr'><strong>figura</strong></span> <span class='ocrx_word' id='word_1_46' title='bbox 1483 1343 1802 1425; x_wconf 84' lang='lat' dir='ltr'><strong>quaedam</strong></span> <span class='ocrx_word' id='word_1_47' title='bbox 1859 1365 1891 1403; x_wconf 93' lang='lat'>«</span> <span class='ocrx_word' id='word_1_48' title='bbox 1947 1342 2368 1430; x_wconf 78' lang='lat' dir='ltr'><strong>anadiplosis</strong></span> <span class='ocrx_word' id='word_1_49' title='bbox 2428 1367 2461 1402; x_wconf 86' lang='lat'>»</span> <span class='ocrx_word' id='word_1_50' title='bbox 2534 1363 2655 1410; x_wconf 92' lang='lat' dir='ltr'><strong>seu</strong></span> 
     </span>
     <span class='ocr_line' id='line_1_8' title="bbox 409 1434 2657 1539; baseline 0.004 -25"><span class='ocrx_word' id='word_1_51' title='bbox 409 1477 442 1514; x_wconf 87' lang='lat'>«</span> <span class='ocrx_word' id='word_1_52' title='bbox 476 1434 795 1537; x_wconf 83' lang='lat' dir='ltr'><strong>gradatio</strong></span> <span class='ocrx_word' id='word_1_53' title='bbox 834 1475 867 1516; x_wconf 86' lang='lat'>»</span> <span class='ocrx_word' id='word_1_54' title='bbox 902 1454 1106 1535; x_wconf 87' lang='lat' dir='ltr'><strong>dicta,</strong></span> <span class='ocrx_word' id='word_1_55' title='bbox 1142 1473 1278 1538; x_wconf 90' lang='lat' dir='ltr'><strong>qua</strong></span> <span class='ocrx_word' id='word_1_56' title='bbox 1301 1454 1588 1520; x_wconf 83' lang='lat' dir='ltr'><strong>alterius</strong></span> <span class='ocrx_word' id='word_1_57' title='bbox 1623 1473 1866 1521; x_wconf 88' lang='lat' dir='ltr'><strong>versus</strong></span> <span class='ocrx_word' id='word_1_58' title='bbox 1892 1455 2048 1520; x_wconf 86' lang='lat' dir='ltr'><strong>finis</strong></span> <span class='ocrx_word' id='word_1_59' title='bbox 2081 1474 2205 1539; x_wconf 91' lang='lat' dir='ltr'><strong>pro</strong></span> <span class='ocrx_word' id='word_1_60' title='bbox 2234 1456 2657 1539; x_wconf 89' lang='lat' dir='ltr'><strong>insequentis</strong></span> 
     </span>
     <span class='ocr_line' id='line_1_9' title="bbox 403 1567 2656 1653; baseline 0.001 -21"><span class='ocrx_word' id='word_1_61' title='bbox 403 1567 597 1633; x_wconf 87' lang='lat' dir='ltr'><strong>initio</strong></span> <span class='ocrx_word' id='word_1_62' title='bbox 635 1567 1003 1633; x_wconf 85' lang='lat' dir='ltr'><strong>adhibetur</strong></span> <span class='ocrx_word' id='word_1_63' title='bbox 1040 1584 1056 1634; x_wconf 75' lang='grc' dir='ltr'>ε</span> <span class='ocrx_word' id='word_1_64' title='bbox 1112 1567 1182 1633; x_wconf 93' lang='lat' dir='ltr'><strong>id</strong></span> <span class='ocrx_word' id='word_1_65' title='bbox 1232 1586 1398 1633; x_wconf 87' lang='lat' dir='ltr'><strong>vero</strong></span> <span class='ocrx_word' id='word_1_66' title='bbox 1444 1567 1871 1651; x_wconf 87' lang='lat' dir='ltr'><strong>intellegitur</strong></span> <span class='ocrx_word' id='word_1_67' title='bbox 1919 1568 2097 1634; x_wconf 89' lang='lat' dir='ltr'><strong>inter</strong></span> <span class='ocrx_word' id='word_1_68' title='bbox 2147 1570 2325 1634; x_wconf 90' lang='lat' dir='ltr'><strong>hanc</strong></span> <span class='ocrx_word' id='word_1_69' title='bbox 2360 1570 2656 1653; x_wconf 84' lang='lat' dir='ltr'><strong>figuram</strong></span> 
     </span>
     <span class='ocr_line' id='line_1_10' title="bbox 401 1679 2660 1770; baseline 0.001 -23"><span class='ocrx_word' id='word_1_70' title='bbox 401 1683 469 1747; x_wconf 91' lang='lat' dir='ltr'><strong>et</strong></span> <span class='ocrx_word' id='word_1_71' title='bbox 496 1682 885 1748; x_wconf 75' lang='lat' dir='ltr'><strong>catenatum</strong></span> <span class='ocrx_word' id='word_1_72' title='bbox 920 1679 1319 1770; x_wconf 74' lang='lat' dir='ltr'><strong>rhythmum</strong></span> <span class='ocrx_word' id='word_1_73' title='bbox 1356 1682 1751 1763; x_wconf 82' lang='lat' dir='ltr'><strong>discrimen,</strong></span> <span class='ocrx_word' id='word_1_74' title='bbox 1786 1682 1967 1766; x_wconf 91' lang='lat' dir='ltr'><strong>quod</strong></span> <span class='ocrx_word' id='word_1_75' title='bbox 2006 1702 2145 1749; x_wconf 91' lang='lat' dir='ltr'><strong>non</strong></span> <span class='ocrx_word' id='word_1_76' title='bbox 2178 1684 2504 1769; x_wconf 83' lang='lat' dir='ltr'><strong>ambigua</strong></span> <span class='ocrx_word' id='word_1_77' title='bbox 2538 1704 2660 1751; x_wconf 90' lang='lat' dir='ltr'><strong>vo-</strong></span> 
     </span>
     <span class='ocr_line' id='line_1_11' title="bbox 402 1793 2650 1885; baseline 0 -23"><span class='ocrx_word' id='word_1_78' title='bbox 402 1795 649 1862; x_wconf 89' lang='lat' dir='ltr'><strong>cabula</strong></span> <span class='ocrx_word' id='word_1_79' title='bbox 679 1793 856 1861; x_wconf 91' lang='lat' dir='ltr'><strong>inter</strong></span> <span class='ocrx_word' id='word_1_80' title='bbox 882 1814 958 1862; x_wconf 92' lang='lat' dir='ltr'><strong>se</strong></span> <span class='ocrx_word' id='word_1_81' title='bbox 982 1798 1142 1862; x_wconf 89' lang='lat' dir='ltr'><strong>sunt</strong></span> <span class='ocrx_word' id='word_1_82' title='bbox 1170 1794 1288 1883; x_wconf 91' lang='lat' dir='ltr'><strong>(l),</strong></span> <span class='ocrx_word' id='word_1_83' title='bbox 1318 1795 1474 1861; x_wconf 84' lang='lat' dir='ltr'><strong>Alia</strong></span> <span class='ocrx_word' id='word_1_84' title='bbox 1502 1796 1729 1880; x_wconf 84' lang='lat' dir='ltr'><strong>figura</strong></span> <span class='ocrx_word' id='word_1_85' title='bbox 1756 1797 2249 1885; x_wconf 86' lang='lat' dir='ltr'><strong>«epanalepsis</strong></span> <span class='ocrx_word' id='word_1_86' title='bbox 2282 1819 2316 1857; x_wconf 83' lang='lat'>»</span> <span class='ocrx_word' id='word_1_87' title='bbox 2344 1800 2650 1879; x_wconf 90' lang='lat' dir='ltr'><strong>vocatur,</strong></span> 
     </span>
     <span class='ocr_line' id='line_1_12' title="bbox 401 1908 2683 2001; baseline 0.001 -27"><span class='ocrx_word' id='word_1_88' title='bbox 401 1927 538 1992; x_wconf 91' lang='lat' dir='ltr'><strong>qua</strong></span> <span class='ocrx_word' id='word_1_89' title='bbox 569 1926 813 1974; x_wconf 89' lang='lat' dir='ltr'><strong>versus</strong></span> <span class='ocrx_word' id='word_1_90' title='bbox 863 1911 930 1973; x_wconf 89' lang='lat' dir='ltr'><strong>et</strong></span> <span class='ocrx_word' id='word_1_91' title='bbox 963 1908 1235 1973; x_wconf 88' lang='lat' dir='ltr'><strong>initium</strong></span> <span class='ocrx_word' id='word_1_92' title='bbox 1278 1911 1346 1974; x_wconf 89' lang='lat' dir='ltr'><strong>et</strong></span> <span class='ocrx_word' id='word_1_93' title='bbox 1395 1909 1605 1974; x_wconf 89' lang='lat' dir='ltr'><strong>finem</strong></span> <span class='ocrx_word' id='word_1_94' title='bbox 1646 1909 1832 1974; x_wconf 92' lang='lat' dir='ltr'><strong>idem</strong></span> <span class='ocrx_word' id='word_1_95' title='bbox 1874 1909 2286 1975; x_wconf 89' lang='lat' dir='ltr'><strong>vocabulum</strong></span> <span class='ocrx_word' id='word_1_96' title='bbox 2320 1912 2507 1976; x_wconf 90' lang='lat' dir='ltr'><strong>tenet</strong></span> <span class='ocrx_word' id='word_1_97' title='bbox 2528 1908 2683 2001; x_wconf 53' lang='lat'><strong>(2),</strong></span> 
     </span>
     <span class='ocr_line' id='line_1_13' title="bbox 402 2021 2649 2111; baseline 0 -22"><span class='ocrx_word' id='word_1_98' title='bbox 402 2039 559 2105; x_wconf 85' lang='lat' dir='ltr'><strong>quae</strong></span> <span class='ocrx_word' id='word_1_99' title='bbox 585 2021 863 2109; x_wconf 86' lang='lat' dir='ltr'><strong>quidem</strong></span> <span class='ocrx_word' id='word_1_100' title='bbox 893 2021 966 2087; x_wconf 91' lang='lat' dir='ltr'><strong>in</strong></span> <span class='ocrx_word' id='word_1_101' title='bbox 996 2023 1339 2088; x_wconf 90' lang='lat' dir='ltr'><strong>communi</strong></span> <span class='ocrx_word' id='word_1_102' title='bbox 1367 2042 1583 2104; x_wconf 91' lang='lat' dir='ltr'><strong>more,</strong></span> <span class='ocrx_word' id='word_1_103' title='bbox 1622 2025 1697 2088; x_wconf 90' lang='lat' dir='ltr'><strong>ut</strong></span> <span class='ocrx_word' id='word_1_104' title='bbox 1730 2030 1828 2088; x_wconf 74' lang='lat' dir='ltr'><strong>ait</strong></span> <span class='ocrx_word' id='word_1_105' title='bbox 1859 2023 2102 2111; x_wconf 81' lang='lat' dir='ltr'><strong>Faber,</strong></span> <span class='ocrx_word' id='word_1_106' title='bbox 2140 2042 2279 2089; x_wconf 90' lang='lat' dir='ltr'><strong>non</strong></span> <span class='ocrx_word' id='word_1_107' title='bbox 2311 2025 2649 2090; x_wconf 87' lang='lat' dir='ltr'><strong>versatur.</strong></span> 
     </span>
     <span class='ocr_line' id='line_1_14' title="bbox 399 2132 2654 2223; baseline 0 -23"><span class='ocrx_word' id='word_1_108' title='bbox 399 2135 564 2201; x_wconf 91' lang='lat' dir='ltr'><strong>Inde</strong></span> <span class='ocrx_word' id='word_1_109' title='bbox 600 2135 908 2219; x_wconf 90' lang='lat' dir='ltr'><strong>sequitur</strong></span> <span class='ocrx_word' id='word_1_110' title='bbox 936 2132 1312 2222; x_wconf 76' lang='lat' dir='ltr'><strong>implicitus</strong></span> <span class='ocrx_word' id='word_1_111' title='bbox 1346 2132 1738 2223; x_wconf 69' lang='lat' dir='ltr'><strong>rhythmus,</strong></span> <span class='ocrx_word' id='word_1_112' title='bbox 1772 2134 1887 2219; x_wconf 91' lang='lat' dir='ltr'><strong>qui</strong></span> <span class='ocrx_word' id='word_1_113' title='bbox 1910 2137 2053 2200; x_wconf 91' lang='lat' dir='ltr'><strong>tum</strong></span> <span class='ocrx_word' id='word_1_114' title='bbox 2082 2135 2179 2216; x_wconf 84' lang='lat' dir='ltr'><strong>fit,</strong></span> <span class='ocrx_word' id='word_1_115' title='bbox 2209 2154 2364 2201; x_wconf 92' lang='lat' dir='ltr'><strong>cum</strong></span> <span class='ocrx_word' id='word_1_116' title='bbox 2391 2135 2654 2201; x_wconf 81' lang='lat' dir='ltr'><strong>ultimae</strong></span> 
     </span>
     <span class='ocr_line' id='line_1_15' title="bbox 399 2248 2652 2334; baseline -0 -19"><span class='ocrx_word' id='word_1_117' title='bbox 399 2250 689 2334; x_wconf 82' lang='lat' dir='ltr'><strong>syllabae</strong></span> <span class='ocrx_word' id='word_1_118' title='bbox 750 2249 861 2315; x_wconf 84' lang='lat' dir='ltr'><strong>vel</strong></span> <span class='ocrx_word' id='word_1_119' title='bbox 928 2249 1384 2334; x_wconf 88' lang='lat' dir='ltr'><strong>monosyllabi</strong></span> <span class='ocrx_word' id='word_1_120' title='bbox 1460 2248 1775 2317; x_wconf 85' lang='lat' dir='ltr'><strong>vocabuli</strong></span> <span class='ocrx_word' id='word_1_121' title='bbox 1809 2300 1828 2330; x_wconf 92' lang='lat'><strong>,</strong></span> <span class='ocrx_word' id='word_1_122' title='bbox 1902 2250 2082 2333; x_wconf 91' lang='lat' dir='ltr'><strong>quod</strong></span> <span class='ocrx_word' id='word_1_123' title='bbox 2148 2267 2390 2315; x_wconf 88' lang='lat' dir='ltr'><strong>versus</strong></span> <span class='ocrx_word' id='word_1_124' title='bbox 2446 2251 2652 2315; x_wconf 87' lang='lat' dir='ltr'><strong>finem</strong></span> 
     </span>
     <span class='ocr_line' id='line_1_16' title="bbox 398 2362 2654 2451; baseline -0 -21"><span class='ocrx_word' id='word_1_125' title='bbox 398 2363 684 2440; x_wconf 89' lang='lat' dir='ltr'><strong>obtinet,</strong></span> <span class='ocrx_word' id='word_1_126' title='bbox 742 2380 904 2451; x_wconf 90' lang='lat' dir='ltr'><strong>pars</strong></span> <span class='ocrx_word' id='word_1_127' title='bbox 960 2363 1279 2447; x_wconf 83' lang='lat' dir='ltr'><strong>quaedam</strong></span> <span class='ocrx_word' id='word_1_128' title='bbox 1339 2362 1699 2447; x_wconf 88' lang='lat' dir='ltr'><strong>repetitur,</strong></span> <span class='ocrx_word' id='word_1_129' title='bbox 1761 2362 1945 2428; x_wconf 91' lang='lat' dir='ltr'><strong>unde</strong></span> <span class='ocrx_word' id='word_1_130' title='bbox 2002 2362 2356 2447; x_wconf 83' lang='lat' dir='ltr'><strong>proximus</strong></span> <span class='ocrx_word' id='word_1_131' title='bbox 2410 2381 2654 2429; x_wconf 88' lang='lat' dir='ltr'><strong>versus</strong></span> 
     </span>
     <span class='ocr_line' id='line_1_17' title="bbox 400 2477 2652 2567; baseline 0.001 -25"><span class='ocrx_word' id='word_1_132' title='bbox 400 2477 672 2544; x_wconf 89' lang='lat' dir='ltr'><strong>initium</strong></span> <span class='ocrx_word' id='word_1_133' title='bbox 707 2479 937 2567; x_wconf 84' lang='lat' dir='ltr'><strong>capit:</strong></span> <span class='ocrx_word' id='word_1_134' title='bbox 990 2496 1272 2545; x_wconf 90' lang='lat' dir='ltr'><strong>necesse</strong></span> <span class='ocrx_word' id='word_1_135' title='bbox 1315 2482 1547 2544; x_wconf 86' lang='lat' dir='ltr'><strong>autem</strong></span> <span class='ocrx_word' id='word_1_136' title='bbox 1591 2481 1719 2561; x_wconf 86' lang='lat' dir='ltr'><strong>est,</strong></span> <span class='ocrx_word' id='word_1_137' title='bbox 1762 2496 1871 2561; x_wconf 87' lang='lat' dir='ltr'><strong>ea,</strong></span> <span class='ocrx_word' id='word_1_138' title='bbox 1917 2497 2073 2563; x_wconf 82' lang='lat' dir='ltr'><strong>quae</strong></span> <span class='ocrx_word' id='word_1_139' title='bbox 2108 2481 2533 2563; x_wconf 89' lang='lat' dir='ltr'><strong>repetuntur,</strong></span> <span class='ocrx_word' id='word_1_140' title='bbox 2579 2479 2652 2544; x_wconf 92' lang='lat' dir='ltr'><strong>in</strong></span> 
     </span>
     <span class='ocr_line' id='line_1_18' title="bbox 398 2572 2651 2679; baseline 0 -22"><span class='ocrx_word' id='word_1_141' title='bbox 398 2572 606 2657; x_wconf 89' lang='lat' dir='ltr'><strong>aliam</strong></span> <span class='ocrx_word' id='word_1_142' title='bbox 657 2590 1069 2657; x_wconf 81' lang='lat' dir='ltr'><strong>sententiam</strong></span> <span class='ocrx_word' id='word_1_143' title='bbox 1115 2590 1310 2656; x_wconf 92' lang='lat' dir='ltr'><strong>initio</strong></span> <span class='ocrx_word' id='word_1_144' title='bbox 1352 2590 1570 2679; x_wconf 90' lang='lat' dir='ltr'><strong>accipi</strong></span> <span class='ocrx_word' id='word_1_145' title='bbox 1623 2608 1705 2656; x_wconf 92' lang='lat' dir='ltr'><strong>ac</strong></span> <span class='ocrx_word' id='word_1_146' title='bbox 1747 2592 1918 2677; x_wconf 86' lang='lat' dir='ltr'><strong>fine;</strong></span> <span class='ocrx_word' id='word_1_147' title='bbox 1976 2590 2095 2657; x_wconf 89' lang='lat' dir='ltr'><strong>sed</strong></span> <span class='ocrx_word' id='word_1_148' title='bbox 2142 2610 2281 2657; x_wconf 93' lang='lat' dir='ltr'><strong>non</strong></span> <span class='ocrx_word' id='word_1_149' title='bbox 2327 2591 2651 2675; x_wconf 84' lang='lat' dir='ltr'><strong>ambigue</strong></span> 
     </span>
     <span class='ocr_line' id='line_1_19' title="bbox 396 2707 2645 2795; baseline 0 -23"><span class='ocrx_word' id='word_1_150' title='bbox 396 2707 716 2795; x_wconf 91' lang='lat' dir='ltr'><strong>usurpari</strong></span> <span class='ocrx_word' id='word_1_151' title='bbox 768 2707 971 2773; x_wconf 80' lang='lat' dir='ltr'><strong>debet</strong></span> <span class='ocrx_word' id='word_1_152' title='bbox 1022 2707 1497 2791; x_wconf 89' lang='lat' dir='ltr'><strong>monosyllaba</strong></span> <span class='ocrx_word' id='word_1_153' title='bbox 1553 2724 1691 2773; x_wconf 82' lang='lat' dir='ltr'><strong>vox</strong></span> <span class='ocrx_word' id='word_1_154' title='bbox 1742 2725 1900 2791; x_wconf 83' lang='lat' dir='ltr'><strong>quae</strong></span> <span class='ocrx_word' id='word_1_155' title='bbox 1960 2726 2236 2774; x_wconf 85' lang='lat' dir='ltr'><strong>versum</strong></span> <span class='ocrx_word' id='word_1_156' title='bbox 2285 2708 2645 2794; x_wconf 78' lang='lat' dir='ltr'><strong>terminat3</strong></span> 
     </span>
     <span class='ocr_line' id='line_1_20' title="bbox 396 2819 2652 2911; baseline 0 -22"><span class='ocrx_word' id='word_1_157' title='bbox 396 2821 787 2889; x_wconf 75' lang='lat' dir='ltr'><strong>catenatum</strong></span> <span class='ocrx_word' id='word_1_158' title='bbox 830 2821 1014 2888; x_wconf 91' lang='lat' dir='ltr'><strong>enim</strong></span> <span class='ocrx_word' id='word_1_159' title='bbox 1059 2822 1128 2888; x_wconf 89' lang='lat' dir='ltr'><strong>in</strong></span> <span class='ocrx_word' id='word_1_160' title='bbox 1175 2819 1575 2911; x_wconf 69' lang='lat' dir='ltr'><strong>rhythmum</strong></span> <span class='ocrx_word' id='word_1_161' title='bbox 1614 2822 1714 2889; x_wconf 91' lang='lat' dir='ltr'><strong>sic</strong></span> <span class='ocrx_word' id='word_1_162' title='bbox 1757 2822 2181 2890; x_wconf 85' lang='lat' dir='ltr'><strong>recideretur</strong></span> <span class='ocrx_word' id='word_1_163' title='bbox 2207 2822 2318 2911; x_wconf 84' lang='lat'><strong>(3).</strong></span> <span class='ocrx_word' id='word_1_164' title='bbox 2377 2822 2483 2889; x_wconf 91' lang='lat' dir='ltr'><strong>Fit</strong></span> <span class='ocrx_word' id='word_1_165' title='bbox 2524 2819 2652 2890; x_wconf 82' lang='lat' dir='ltr'><strong>ad-</strong></span> 
     </span>
     <span class='ocr_line' id='line_1_21' title="bbox 394 2932 2646 3023; baseline 0 -22"><span class='ocrx_word' id='word_1_166' title='bbox 394 2952 617 3001; x_wconf 74' lang='lat' dir='ltr'><strong>nexus</strong></span> <span class='ocrx_word' id='word_1_167' title='bbox 646 2932 1010 3023; x_wconf 75' lang='lat' dir='ltr'><strong>rhythmus</strong></span> <span class='ocrx_word' id='word_1_168' title='bbox 1039 2935 1355 3020; x_wconf 91' lang='lat' dir='ltr'><strong>quotiens</strong></span> <span class='ocrx_word' id='word_1_169' title='bbox 1380 2938 1766 3002; x_wconf 79' lang='lat' dir='ltr'><strong>extremum</strong></span> <span class='ocrx_word' id='word_1_170' title='bbox 1797 2955 2040 3003; x_wconf 87' lang='lat' dir='ltr'><strong>versus</strong></span> <span class='ocrx_word' id='word_1_171' title='bbox 2069 2938 2509 3014; x_wconf 91' lang='lat' dir='ltr'><strong>vocabulum,</strong></span> <span class='ocrx_word' id='word_1_172' title='bbox 2536 2936 2646 3003; x_wconf 90' lang='lat' dir='ltr'><strong>vel</strong></span> 
     </span>
     <span class='ocr_line' id='line_1_22' title="bbox 393 3049 2649 3136; baseline 0.001 -21"><span class='ocrx_word' id='word_1_173' title='bbox 393 3049 598 3133; x_wconf 90' lang='lat' dir='ltr'><strong>hujus</strong></span> <span class='ocrx_word' id='word_1_174' title='bbox 623 3049 941 3118; x_wconf 87' lang='lat' dir='ltr'><strong>vocabuli</strong></span> <span class='ocrx_word' id='word_1_175' title='bbox 976 3069 1098 3116; x_wconf 90' lang='lat' dir='ltr'><strong>seu</strong></span> <span class='ocrx_word' id='word_1_176' title='bbox 1129 3050 1351 3135; x_wconf 86' lang='lat' dir='ltr'><strong>prima</strong></span> <span class='ocrx_word' id='word_1_177' title='bbox 1377 3069 1500 3116; x_wconf 88' lang='lat' dir='ltr'><strong>seu</strong></span> <span class='ocrx_word' id='word_1_178' title='bbox 1530 3053 1880 3135; x_wconf 88' lang='lat' dir='ltr'><strong>postrema</strong></span> <span class='ocrx_word' id='word_1_179' title='bbox 1913 3070 2072 3136; x_wconf 89' lang='lat' dir='ltr'><strong>pars</strong></span> <span class='ocrx_word' id='word_1_180' title='bbox 2100 3051 2410 3133; x_wconf 87' lang='lat' dir='ltr'><strong>iteratur,</strong></span> <span class='ocrx_word' id='word_1_181' title='bbox 2448 3052 2649 3136; x_wconf 88' lang='lat' dir='ltr'><strong>sylla-</strong></span> 
     </span>
     <span class='ocr_line' id='line_1_23' title="bbox 392 3163 2649 3248; baseline 0.002 -19"><span class='ocrx_word' id='word_1_182' title='bbox 392 3163 500 3230; x_wconf 92' lang='lat' dir='ltr'><strong>bis</strong></span> <span class='ocrx_word' id='word_1_183' title='bbox 549 3164 960 3247; x_wconf 85' lang='lat' dir='ltr'><strong>quibusdam</strong></span> <span class='ocrx_word' id='word_1_184' title='bbox 1002 3164 1314 3248; x_wconf 83' lang='lat' dir='ltr'><strong>adjectiS,</strong></span> <span class='ocrx_word' id='word_1_185' title='bbox 1369 3182 1527 3248; x_wconf 84' lang='lat' dir='ltr'><strong>quae</strong></span> <span class='ocrx_word' id='word_1_186' title='bbox 1583 3166 1872 3231; x_wconf 88' lang='lat' dir='ltr'><strong>verbum</strong></span> <span class='ocrx_word' id='word_1_187' title='bbox 1920 3168 1988 3231; x_wconf 89' lang='lat' dir='ltr'><strong>et</strong></span> <span class='ocrx_word' id='word_1_188' title='bbox 2042 3167 2452 3232; x_wconf 86' lang='lat' dir='ltr'><strong>sententiam</strong></span> <span class='ocrx_word' id='word_1_189' title='bbox 2497 3186 2649 3233; x_wconf 91' lang='lat' dir='ltr'><strong>mu-</strong></span> 
     </span>
     <span class='ocr_line' id='line_1_24' title="bbox 391 3278 2648 3370; baseline 0.002 -26"><span class='ocrx_word' id='word_1_190' title='bbox 391 3281 540 3345; x_wconf 89' lang='lat' dir='ltr'><strong>tant</strong></span> <span class='ocrx_word' id='word_1_191' title='bbox 560 3278 680 3365; x_wconf 83' lang='lat'>(4);</span> <span class='ocrx_word' id='word_1_192' title='bbox 746 3280 879 3345; x_wconf 91' lang='lat' dir='ltr'><strong>hoc</strong></span> <span class='ocrx_word' id='word_1_193' title='bbox 931 3297 1097 3345; x_wconf 86' lang='lat' dir='ltr'><strong>vero</strong></span> <span class='ocrx_word' id='word_1_194' title='bbox 1154 3279 1416 3346; x_wconf 91' lang='lat' dir='ltr'><strong>dinosci</strong></span> <span class='ocrx_word' id='word_1_195' title='bbox 1464 3279 1712 3346; x_wconf 91' lang='lat' dir='ltr'><strong>debent</strong></span> <span class='ocrx_word' id='word_1_196' title='bbox 1764 3278 2142 3368; x_wconf 75' lang='lat' dir='ltr'><strong>implicitus</strong></span> <span class='ocrx_word' id='word_1_197' title='bbox 2204 3279 2648 3370; x_wconf 62' lang='lat' dir='ltr'><strong>adnexu-§que</strong></span> 
     </span>
     <span class='ocr_line' id='line_1_25' title="bbox 392 3390 2644 3480; baseline 0.002 -23"><span class='ocrx_word' id='word_1_198' title='bbox 392 3390 786 3480; x_wconf 74' lang='lat' dir='ltr'><strong>rhythmus,</strong></span> <span class='ocrx_word' id='word_1_199' title='bbox 833 3392 1017 3476; x_wconf 90' lang='lat' dir='ltr'><strong>quod</strong></span> <span class='ocrx_word' id='word_1_200' title='bbox 1068 3390 1382 3460; x_wconf 70' lang='lat' dir='ltr'><strong>adnexus</strong></span> <span class='ocrx_word' id='word_1_201' title='bbox 1429 3392 1603 3459; x_wconf 88' lang='lat' dir='ltr'><strong>alias</strong></span> <span class='ocrx_word' id='word_1_202' title='bbox 1645 3394 1837 3459; x_wconf 89' lang='lat' dir='ltr'><strong>addit</strong></span> <span class='ocrx_word' id='word_1_203' title='bbox 1878 3393 2179 3478; x_wconf 86' lang='lat' dir='ltr'><strong>syllabas</strong></span> <span class='ocrx_word' id='word_1_204' title='bbox 2236 3397 2308 3461; x_wconf 88' lang='lat' dir='ltr'><strong>ut</strong></span> <span class='ocrx_word' id='word_1_205' title='bbox 2351 3395 2644 3461; x_wconf 89' lang='lat' dir='ltr'><strong>alterum</strong></span> 
     </span>
     <span class='ocr_line' id='line_1_26' title="bbox 391 3506 2637 3592; baseline 0.001 -21"><span class='ocrx_word' id='word_1_206' title='bbox 391 3506 828 3587; x_wconf 85' lang='lat' dir='ltr'><strong>vocabulum,</strong></span> <span class='ocrx_word' id='word_1_207' title='bbox 863 3507 1204 3573; x_wconf 85' lang='lat' dir='ltr'><strong>sententia</strong></span> <span class='ocrx_word' id='word_1_208' title='bbox 1241 3506 1611 3590; x_wconf 88' lang='lat' dir='ltr'><strong>aliquando</strong></span> <span class='ocrx_word' id='word_1_209' title='bbox 1645 3507 1994 3574; x_wconf 89' lang='lat' dir='ltr'><strong>levissime</strong></span> <span class='ocrx_word' id='word_1_210' title='bbox 2041 3526 2266 3589; x_wconf 87' lang='lat' dir='ltr'><strong>versa,</strong></span> <span class='ocrx_word' id='word_1_211' title='bbox 2301 3509 2637 3592; x_wconf 77' lang='lat' dir='ltr'><strong>fingatur3</strong></span> 
     </span>
     <span class='ocr_line' id='line_1_27' title="bbox 391 3618 2644 3708; baseline 0.001 -23"><span class='ocrx_word' id='word_1_212' title='bbox 391 3618 767 3708; x_wconf 69' lang='lat' dir='ltr'><strong>implicitus</strong></span> <span class='ocrx_word' id='word_1_213' title='bbox 809 3639 976 3686; x_wconf 88' lang='lat' dir='ltr'><strong>vero</strong></span> <span class='ocrx_word' id='word_1_214' title='bbox 1021 3625 1351 3687; x_wconf 83' lang='lat' dir='ltr'><strong>extremae</strong></span> <span class='ocrx_word' id='word_1_215' title='bbox 1398 3621 1588 3687; x_wconf 89' lang='lat' dir='ltr'><strong>vocis</strong></span> <span class='ocrx_word' id='word_1_216' title='bbox 1633 3640 1839 3689; x_wconf 89' lang='lat' dir='ltr'><strong>unam</strong></span> <span class='ocrx_word' id='word_1_217' title='bbox 1893 3621 2003 3688; x_wconf 89' lang='lat' dir='ltr'><strong>vel</strong></span> <span class='ocrx_word' id='word_1_218' title='bbox 2061 3622 2293 3707; x_wconf 90' lang='lat' dir='ltr'><strong>plures</strong></span> <span class='ocrx_word' id='word_1_219' title='bbox 2342 3621 2644 3706; x_wconf 88' lang='lat' dir='ltr'><strong>syllabas</strong></span> 
     </span>
     <span class='ocr_line' id='line_1_28' title="bbox 392 3737 2645 3823; baseline 0 -20"><span class='ocrx_word' id='word_1_220' title='bbox 392 3738 661 3822; x_wconf 85' lang='lat' dir='ltr'><strong>repetit,</strong></span> <span class='ocrx_word' id='word_1_221' title='bbox 701 3738 949 3823; x_wconf 90' lang='lat' dir='ltr'><strong>quibus</strong></span> <span class='ocrx_word' id='word_1_222' title='bbox 983 3737 1373 3822; x_wconf 86' lang='lat' dir='ltr'><strong>proximum</strong></span> <span class='ocrx_word' id='word_1_223' title='bbox 1403 3756 1704 3818; x_wconf 91' lang='lat' dir='ltr'><strong>versum,</strong></span> <span class='ocrx_word' id='word_1_224' title='bbox 1739 3757 1826 3804; x_wconf 91' lang='lat' dir='ltr'><strong>ne</strong></span> <span class='ocrx_word' id='word_1_225' title='bbox 1861 3757 1999 3804; x_wconf 87' lang='lat' dir='ltr'><strong>una</strong></span> <span class='ocrx_word' id='word_1_226' title='bbox 2027 3738 2302 3822; x_wconf 89' lang='lat' dir='ltr'><strong>quidem</strong></span> <span class='ocrx_word' id='word_1_227' title='bbox 2323 3737 2645 3821; x_wconf 84' lang='lat' dir='ltr'><strong>adjuncta</strong></span> 
     </span>
     <span class='ocr_line' id='line_1_29' title="bbox 390 3850 2643 3948; baseline -0.001 -29"><span class='ocrx_word' id='word_1_228' title='bbox 390 3853 643 3936; x_wconf 89' lang='lat' dir='ltr'><strong>littera,</strong></span> <span class='ocrx_word' id='word_1_229' title='bbox 695 3853 999 3938; x_wconf 86' lang='lat' dir='ltr'><strong>incipiat.</strong></span> <span class='ocrx_word' id='word_1_230' title='bbox 1050 3852 1156 3918; x_wconf 92' lang='lat' dir='ltr'><strong>Fit</strong></span> <span class='ocrx_word' id='word_1_231' title='bbox 1198 3853 1561 3920; x_wconf 76' lang='lat' dir='ltr'><strong>coronatus</strong></span> <span class='ocrx_word' id='word_1_232' title='bbox 1594 3850 1961 3941; x_wconf 69' lang='lat' dir='ltr'><strong>rhythmus</strong></span> <span class='ocrx_word' id='word_1_233' title='bbox 2009 3871 2164 3948; x_wconf 86' lang='lat' dir='ltr'><strong>cum</strong></span> <span class='ocrx_word' id='word_1_234' title='bbox 2214 3851 2348 3917; x_wconf 94' lang='lat' dir='ltr'><strong>duo</strong></span> <span class='ocrx_word' id='word_1_235' title='bbox 2399 3852 2643 3917; x_wconf 89' lang='lat' dir='ltr'><strong>ultima</strong></span> 
     </span>
     <span class='ocr_line' id='line_1_30' title="bbox 389 3966 2641 4053; baseline -0.002 -18"><span class='ocrx_word' id='word_1_236' title='bbox 389 3988 632 4036; x_wconf 84' lang='lat' dir='ltr'><strong>versus</strong></span> <span class='ocrx_word' id='word_1_237' title='bbox 681 3969 1022 4036; x_wconf 85' lang='lat' dir='ltr'><strong>vocabula</strong></span> <span class='ocrx_word' id='word_1_238' title='bbox 1055 3968 1383 4053; x_wconf 87' lang='lat' dir='ltr'><strong>ambigua</strong></span> <span class='ocrx_word' id='word_1_239' title='bbox 1410 3971 1593 4050; x_wconf 90' lang='lat' dir='ltr'><strong>sunt,</strong></span> <span class='ocrx_word' id='word_1_240' title='bbox 1640 3968 1749 4034; x_wconf 88' lang='lat' dir='ltr'><strong>vel</strong></span> <span class='ocrx_word' id='word_1_241' title='bbox 1797 3986 1954 4035; x_wconf 92' lang='lat' dir='ltr'><strong>cum</strong></span> <span class='ocrx_word' id='word_1_242' title='bbox 1996 3986 2195 4053; x_wconf 84' lang='lat' dir='ltr'><strong>paene</strong></span> <span class='ocrx_word' id='word_1_243' title='bbox 2230 3966 2470 4033; x_wconf 90' lang='lat' dir='ltr'><strong>ultima</strong></span> <span class='ocrx_word' id='word_1_244' title='bbox 2501 3966 2641 4050; x_wconf 87' lang='lat' dir='ltr'><strong>syl-</strong></span> 
     </span>
    </p>
   </div>
   <div class='ocr_carea' id='block_1_3' title="bbox 389 4111 727 4124">
    <p class='ocr_par' dir='ltr' id='par_1_3' title="bbox 389 4111 727 4124">
     <span class='ocr_line' id='line_1_31' title="bbox 389 4111 727 4124; baseline 0 0"><span class='ocrx_word' id='word_1_245' title='bbox 389 4111 727 4124; x_wconf 95' lang='lat' dir='ltr'><strong> </strong></span> 
     </span>
    </p>
   </div>
   <div class='ocr_carea' id='block_1_4' title="bbox 439 4190 1423 4314">
    <p class='ocr_par' dir='ltr' id='par_1_4' title="bbox 439 4190 1423 4314">
     <span class='ocr_line' id='line_1_32' title="bbox 439 4190 1423 4247; baseline -0.002 -13"><span class='ocrx_word' id='word_1_246' title='bbox 439 4190 501 4244; x_wconf 80' lang='lat'><strong>(1)</strong></span> <span class='ocrx_word' id='word_1_247' title='bbox 521 4191 719 4237; x_wconf 77' lang='lat' dir='ltr'><strong>saincte</strong></span> <span class='ocrx_word' id='word_1_248' title='bbox 740 4191 978 4247; x_wconf 77' lang='lat' dir='ltr'><strong>equitairc</strong></span> <span class='ocrx_word' id='word_1_249' title='bbox 998 4201 1097 4243; x_wconf 77' lang='lat' dir='ltr'><strong>ung</strong></span> <span class='ocrx_word' id='word_1_250' title='bbox 1115 4190 1278 4235; x_wconf 78' lang='lat' dir='ltr'><strong>diablo</strong></span> <span class='ocrx_word' id='word_1_251' title='bbox 1297 4190 1423 4246; x_wconf 78' lang='lat' dir='ltr'><strong>prist</strong></span> 
     </span>
     <span class='ocr_line' id='line_1_33' title="bbox 517 4256 1192 4314; baseline -0.003 -13"><span class='ocrx_word' id='word_1_252' title='bbox 517 4258 596 4301; x_wconf 84' lang='lat' dir='ltr'><strong>En</strong></span> <span class='ocrx_word' id='word_1_253' title='bbox 616 4258 661 4302; x_wconf 86' lang='lat' dir='ltr'><strong>lc</strong></span> <span class='ocrx_word' id='word_1_254' title='bbox 683 4260 891 4314; x_wconf 80' lang='lat' dir='ltr'><strong>prenant</strong></span> <span class='ocrx_word' id='word_1_255' title='bbox 909 4257 1005 4301; x_wconf 86' lang='lat' dir='ltr'><strong>elle</strong></span> <span class='ocrx_word' id='word_1_256' title='bbox 1025 4256 1192 4310; x_wconf 60' lang='lat' dir='ltr'><strong>hinist,</strong></span> 
     </span>
    </p>
   </div>
   <div class='ocr_carea' id='block_1_5' title="bbox 507 4325 1246 4433">
    <p class='ocr_par' dir='ltr' id='par_1_5' title="bbox 507 4325 1246 4433">
     <span class='ocr_line' id='line_1_34' title="bbox 512 4325 1242 4376; baseline -0.004 -6"><span class='ocrx_word' id='word_1_257' title='bbox 512 4327 588 4370; x_wconf 83' lang='lat' dir='ltr'><strong>En</strong></span> <span class='ocrx_word' id='word_1_258' title='bbox 609 4326 655 4368; x_wconf 89' lang='lat' dir='ltr'><strong>le</strong></span> <span class='ocrx_word' id='word_1_259' title='bbox 676 4325 846 4370; x_wconf 78' lang='lat' dir='ltr'><strong>batam</strong></span> <span class='ocrx_word' id='word_1_260' title='bbox 864 4325 959 4369; x_wconf 87' lang='lat' dir='ltr'><strong>elle</strong></span> <span class='ocrx_word' id='word_1_261' title='bbox 986 4325 1242 4376; x_wconf 64' lang='lat' dir='ltr'><strong>cuchema,</strong></span> 
     </span>
     <span class='ocr_line' id='line_1_35' title="bbox 507 4389 1246 4433; baseline 0 0"><span class='ocrx_word' id='word_1_262' title='bbox 507 4390 584 4433; x_wconf 80' lang='lat' dir='ltr'><strong>En</strong></span> <span class='ocrx_word' id='word_1_263' title='bbox 605 4389 936 4433; x_wconf 78' lang='lat' dir='ltr'><strong>l&#39;enchainant</strong></span> <span class='ocrx_word' id='word_1_264' title='bbox 955 4389 1246 4433; x_wconf 76' lang='lat' dir='ltr'><strong>clienti-aina</strong></span> 
     </span>
    </p>
   </div>
   <div class='ocr_carea' id='block_1_6' title="bbox 439 4465 1484 4586">
    <p class='ocr_par' dir='ltr' id='par_1_6' title="bbox 439 4465 1484 4586">
     <span class='ocr_line' id='line_1_36' title="bbox 439 4465 1335 4519; baseline -0.003 -8"><span class='ocrx_word' id='word_1_265' title='bbox 439 4466 497 4519; x_wconf 75' lang='lat'><strong>(2)</strong></span> <span class='ocrx_word' id='word_1_266' title='bbox 517 4467 560 4510; x_wconf 84' lang='lat' dir='ltr'>A</span> <span class='ocrx_word' id='word_1_267' title='bbox 580 4466 817 4518; x_wconf 79' lang='lat' dir='ltr'><strong>l&#39;assault‚</strong></span> <span class='ocrx_word' id='word_1_268' title='bbox 841 4465 1031 4518; x_wconf 77' lang='lat' dir='ltr'><strong>gallans</strong></span> <span class='ocrx_word' id='word_1_269' title='bbox 1051 4477 1078 4508; x_wconf 80' lang='lat' dir='ltr'><strong>a</strong></span> <span class='ocrx_word' id='word_1_270' title='bbox 1100 4466 1335 4514; x_wconf 78' lang='lat' dir='ltr'><strong>l’assault.</strong></span> 
     </span>
     <span class='ocr_line' id='line_1_37' title="bbox 509 4533 1484 4586; baseline 0.001 -8"><span class='ocrx_word' id='word_1_271' title='bbox 509 4535 836 4578; x_wconf 85' lang='lat' dir='ltr'><strong>Armez-vous</strong></span> <span class='ocrx_word' id='word_1_272' title='bbox 865 4535 976 4586; x_wconf 76' lang='lat' dir='ltr'><strong>test,</strong></span> <span class='ocrx_word' id='word_1_273' title='bbox 999 4533 1170 4577; x_wconf 85' lang='lat' dir='ltr'><strong>saillez</strong></span> <span class='ocrx_word' id='word_1_274' title='bbox 1191 4545 1368 4586; x_wconf 79' lang='lat' dir='ltr'><strong>armez,</strong></span> <span class='ocrx_word' id='word_1_275' title='bbox 1390 4536 1484 4579; x_wconf 82' lang='lat' dir='ltr'><strong>etc.</strong></span> 
     </span>
    </p>
   </div>
   <div class='ocr_carea' id='block_1_7' title="bbox 439 4609 2482 4770">
    <p class='ocr_par' dir='ltr' id='par_1_7' title="bbox 439 4609 2482 4770">
     <span class='ocr_line' id='line_1_38' title="bbox 439 4609 2445 4665; baseline -0 -11"><span class='ocrx_word' id='word_1_276' title='bbox 439 4609 502 4663; x_wconf 81' lang='lat'><strong>(3)</strong></span> <span class='ocrx_word' id='word_1_277' title='bbox 523 4610 911 4663; x_wconf 70' lang='lat' dir='ltr'><strong>Gracieutoe—euae,</strong></span> <span class='ocrx_word' id='word_1_278' title='bbox 929 4611 1141 4662; x_wconf 63' lang='lat' dir='ltr'><strong>ainsi-ei,</strong></span> <span class='ocrx_word' id='word_1_279' title='bbox 1162 4611 1659 4664; x_wconf 72' lang='lat' dir='ltr'><strong>melencolieuae-eieuoe,</strong></span> <span class='ocrx_word' id='word_1_280' title='bbox 1679 4611 1906 4665; x_wconf 66' lang='lat' dir='ltr'><strong>coucy-ei,</strong></span> <span class='ocrx_word' id='word_1_281' title='bbox 1929 4610 2445 4665; x_wconf 55' lang='lat' dir='ltr'><strong>commista-namra.</strong></span> 
     </span>
     <span class='ocr_line' id='line_1_39' title="bbox 443 4685 2482 4770; baseline 0.001 -41"><span class='ocrx_word' id='word_1_282' title='bbox 443 4685 505 4737; x_wconf 76' lang='lat'><strong>(4)</strong></span> <span class='ocrx_word' id='word_1_283' title='bbox 522 4687 1030 4742; x_wconf 66' lang='grc' dir='ltr'><strong>Αηποωοο-απηοωαηε,</strong></span> <span class='ocrx_word' id='word_1_284' title='bbox 1050 4688 1397 4770; x_wconf 41' lang='grc' dir='ltr'><strong>υενο-υενειξβσν,</strong></span> <span class='ocrx_word' id='word_1_285' title='bbox 1415 4692 1963 4744; x_wconf 65' lang='lat' dir='ltr'><strong>compesco-componam,</strong></span> <span class='ocrx_word' id='word_1_286' title='bbox 1982 4688 2482 4770; x_wconf 53' lang='lat' dir='ltr'><strong>divorp-dt‘venevnem.</strong></span> 
     </span>
    </p>
   </div>
  </div>
 </body>
</html>
