3561 5729
1838 640 2160 703 -Ἶθ-

875 784 1181 870 poribuS,
1219 785 1429 870 longe
1475 786 1613 852 alia
1658 786 1935 854 civitate
1972 788 2281 854 carmina
2326 787 2695 868 scribebat,
2732 784 3131 873 prudentio-

874 917 1022 964 rem
1068 918 1341 985 semper
1385 903 1453 966 et
1486 895 1868 967 cautiorem
1910 919 2063 968 sese
2097 900 2417 987 praebuit,
2465 920 2671 986 quam
2707 905 2779 968 ut
2827 902 3134 988 pindari-

875 1026 1027 1075 cam
1061 1009 1266 1075 odam
1294 1013 1624 1076 tentaret:

1229 1221 1606 1288 Pindarum
1641 1223 1953 1308 quisquis
1988 1225 2215 1291 studet
2243 1225 2584 1308 aemulari,
2613 1228 2743 1292 etc.

874 1471 1236 1538 Ronsardo
1286 1488 1428 1536 non
1482 1468 1726 1535 eadem
1802 1466 2224 1534 verecundia
2282 1467 2411 1535 suit
2469 1484 2484 1534 ε
2565 1466 2884 1550 antiquos
2935 1467 3134 1552 lyrici

877 1585 1205 1652 carminis
1239 1584 1516 1651 habitus
1549 1581 1935 1662 renovavit,
1966 1599 2121 1646 cum
2153 1580 2275 1647 illa
2311 1582 2466 1648 odae
2507 1581 2774 1667 species
2809 1583 2877 1647 et
2916 1580 3137 1647 forma

876 1698 996 1765 vix
1038 1698 1226 1765 aliud
1278 1696 1649 1781 quicquam
1685 1712 1838 1761 esse
1877 1696 2133 1782 posset,
2183 1712 2390 1778 quam
2432 1693 2751 1779 frigidior
2778 1694 3139 1762 insulsior-

875 1830 1007 1896 que
1044 1809 1408 1877 vetustatis
1437 1807 1754 1874 imitati0.

965 1921 1408 1987 Pindaricum
1458 1924 1690 1987 tamen
1733 1940 1957 2004 genus
2005 1940 2275 1988 summo
2328 1921 2400 1986 in
2453 1921 2715 1987 honore
2767 1921 2943 2000 erat,
2982 1939 3136 1986 cum

877 2036 1217 2102 Henricus
1267 2034 1677 2120 StephanuS,
1724 2035 2300 2119 quinquagesimo
2348 2036 2591 2119 quarto
2640 2034 2879 2100 saeculi
2927 2052 3133 2115 ann0,

878 2146 1333 2215 Anacreontis
1368 2165 1582 2233 opera
1613 2148 1911 2237 primum
1951 2149 2022 2214 in
2070 2148 2296 2215 lucem
2346 2148 2583 2215 edidit.
2623 2147 3135 2233 Ampullantem

878 2260 1312 2327 Ronsardum
1337 2266 1405 2325 et
1439 2260 2034 2345 sesquipedalibus
2061 2261 2294 2328 verbis
2322 2262 2410 2327 ad
2438 2260 2718 2327 Pindari
2742 2260 3136 2348 exemplum

877 2376 1416 2459 turgescentem,
1449 2373 1620 2438 nihil
1666 2374 1892 2457 magis
1936 2379 2326 2459 temperare
2370 2378 2664 2462 poterat,
2707 2392 2916 2458 quam
2952 2372 3137 2440 illius

875 2487 1056 2554 vatis
1097 2486 1431 2568 carmina,
1476 2504 1768 2570 quorum
1815 2488 2329 2553 amoenissimus
2378 2487 2573 2571 lepos
2616 2486 3137 2552 venustissima-

880 2618 1014 2684 que
1039 2598 1377 2665 festivitas
1409 2603 1552 2664 tam
1587 2598 2033 2665 vehementer
2065 2599 2430 2666 aThebani
2453 2602 2677 2683 poetae
2711 2598 3135 2665 sublimitate

878 2714 1386 2798 discrepabant.
1427 2713 1643 2779 Simul
1672 2731 1754 2779 ac
1804 2713 1946 2779 Teii
1990 2717 2175 2779 senis
2221 2712 2693 2779 blandissimae
2729 2713 2911 2793 odae,
2952 2713 3137 2779 velut

879 2825 1165 2893 totidem
1212 2843 1405 2911 apeS,
1451 2825 1786 2892 tumidam
1843 2829 2233 2893 nostrorum
2280 2829 2515 2893 vatum
2569 2843 2820 2892 venam
2872 2843 3137 2911 punxe-

877 2951 1065 3023 runt,
1103 2959 1192 3006 ex
1236 2939 1392 3025 plus
1436 2958 1642 3024 quam
1674 2941 1979 3006 humana
2015 2940 2378 3006 altitudine
2408 2941 2496 3006 ad
2534 2939 2923 3025 simplicem
2964 2940 3136 3006 libe-

879 3076 1165 3142 ramque
1186 3057 1749 3138 familiaritatem,
1776 3057 2121 3124 communi
2148 3057 2542 3123 mortalium
2566 3058 2636 3122 in
2658 3076 2788 3123 usu
2812 3057 3132 3142 positam,

878 3172 1030 3253 lyra
1048 3173 1198 3256 jam
1228 3171 1612 3237 descendit:
1644 3171 2045 3236 Ronsardus
2080 3170 2252 3255 ipse,
2285 3171 2521 3237 nescio
2551 3189 2688 3255 qua
2722 3170 3133 3254 contagione

878 3288 1127 3368 tactus,
1186 3303 1231 3350 a
1271 3284 1571 3350 Pindaro
1610 3284 1933 3351 desciscit
1976 3302 2375 3369 pennasque
2415 3284 2742 3350 Daedalea
2776 3302 2907 3369 ope
2946 3302 3135 3350 cera-

875 3399 1007 3478 taS,
1040 3396 1289 3480 quibus
1331 3396 1536 3462 modo
1571 3397 1941 3478 nitebatur,
1979 3396 2278 3477 abdicat,
2317 3398 2385 3462 et
2418 3395 2595 3461 altos
2624 3396 2914 3462 nubium
2958 3400 3136 3462 trac-

875 3512 986 3576 tus
1034 3509 1357 3575 affectare
1418 3511 1565 3593 jam
1629 3509 1921 3592 desistit,
1994 3527 2165 3593 quos
2226 3512 2455 3591 antea,
2513 3508 2898 3577 infeliciore
2951 3528 3136 3596 saepe

877 3622 1192 3703 audacia,
1225 3625 1613 3688 tentaverat
1644 3621 1750 3709 (1).
2608 3628 2613 3632 ’

967 3736 1400 3817 ValkelinuS,
1435 3737 1687 3821 quippe
1718 3736 1835 3819 qui
1871 3735 2104 3801 multis
2133 3735 2334 3801 annis
2368 3735 2594 3801 minor
2628 3737 2991 3803 Ronsardo
3021 3737 3134 3819 sit,

881 3850 1404 3917 Anacreonticae
1477 3868 1684 3934 quam
1734 3849 2122 3914 Pindaricae
2174 3867 2374 3914 venae
2426 3850 2769 3915 amantior
2830 3851 3130 3918 videtur.

880 3965 1170 4030 Plurimi
1215 3965 1518 4048 quidem,
1557 3967 1631 4030 ut
1671 3965 1823 4047 jam
1864 3963 2206 4052 apparuit,
2262 3963 2542 4029 Pindari
2594 3966 2763 4032 odas
2797 3965 3131 4036 faciebat:

880 4081 1003 4147 sed
1039 4081 1282 4146 intima
1316 4080 1614 4165 quadam
1653 4078 1866 4144 animi
1898 4078 2329 4163 proclivitate
2372 4080 2826 4146 Anacreontis
2866 4080 3137 4166 lepores

882 4212 1309 4278 veneresque
1359 4193 1752 4278 magnificae
1803 4191 2146 4256 Thebanae
2186 4191 2359 4276 lyrae
2403 4193 2807 4259 obscuritati
2852 4197 3138 4283 antepo-

880 4311 1112 4377 nebat.
1168 4309 1359 4384 Quod
1414 4309 1691 4392 quid'em
1732 4309 2001 4394 sponte,
2076 4307 2351 4374 omissis
2398 4309 2836 4391 ambagibus,
2907 4309 2980 4375 in
3026 4308 3136 4375 his

883 4422 1201 4489 versibus
1234 4423 1631 4488 confitetur:

935 4680 998 4742 (1)
1024 4680 1085 4730 V.
1107 4679 1482 4730 sainte-Beuve.
1507 4681 1760 4728 Anacreon
1777 4692 1843 4722 au
1859 4680 1903 4724 X
1912 4680 1991 4724 VI·
2006 4679 2156 4726 sixto.
