3561 5729
1416 678 1496 693 ...
1536 646 1616 708 85
1659 682 1734 692 -

451 787 667 854 Paulo
701 787 934 853 autem
970 785 1258 853 inferius
1291 800 1307 850 t

631 972 720 1037 Le
752 971 1022 1037 theatre
1040 969 1299 1053 jamais
1327 988 1414 1035 ne
1450 969 1594 1036 doit
1627 971 1811 1036 estre
1839 970 2086 1055 rempli

628 1087 798 1153 D’un
829 1087 1198 1171 argument
1231 1085 1385 1170 plus
1416 1083 1583 1168 long
1615 1102 1747 1168 que
1773 1084 1936 1150 d’un
1960 1085 2124 1168 jour
2151 1085 2511 1170 accompli.

455 1274 741 1349 Quintos
775 1274 846 1339 in
876 1276 1070 1339 actus
1104 1271 1579 1337 distribuenda
1603 1274 1708 1337 est
1733 1271 1992 1351 sabula,
2023 1288 2177 1356 quae

629 1464 728 1529 Ne
748 1462 893 1529 doit
908 1463 1100 1549 point
1116 1463 1314 1530 avoir
1334 1462 1488 1549 plus
1508 1463 1592 1528 de
1611 1461 1767 1546 cinq
1785 1476 1973 1527 actes
1990 1459 2393 1546 parsaits(l).

451 1650 617 1715 Tres
648 1667 965 1733 personae
999 1648 1170 1714 satis
1198 1653 1359 1714 sunt
1397 1664 1411 1714 :

675 1811 757 1875 Et
790 1830 874 1876 ne
901 1810 1092 1896 parle
1133 1829 1224 1877 un
1258 1810 1639 1895 quatrieme
1675 1828 1761 1875 en
1793 1808 2044 1892 l'etage
2074 1826 2245 1873 avec
2276 1807 2448 1873 trois
2486 1822 2501 1872 t

671 1924 866 1991 Trois
900 1925 1172 2011 parlant
1200 1925 1586 1992 seulement
1618 1923 1934 1991 suffisent
1962 1924 2004 1988 a
2038 1922 2107 1988 la
2130 1923 2260 1989 sois
2292 1920 2402 2007 (2).

453 2116 843 2200 Sequuntur
868 2116 1285 2201 omnia·quae
1322 2116 1407 2182 de
1434 2117 1641 2182 rebus
1675 2135 1760 2182 ex
1799 2121 2263 2201 spectatorum
2293 2117 2444 2182 visu
2478 2116 2715 2183 tollen·

452 2227 582 2307 dis,
628 2228 713 2294 de
755 2228 1382 2308 verisimilitudine,
1429 2229 1513 2294 de
1549 2228 1740 2294 chori
1797 2229 2107 2313 partibus
2150 2230 2436 2295 Flaccus
2477 2231 2708 2296 tradit.

540 2344 727 2410 Nihil
772 2344 1052 2411 omnino
1103 2345 1285 2430 apud
1333 2344 1780 2410 Valkelinum
1839 2345 2066 2411 adhuc
2122 2345 2207 2410 de
2263 2345 2396 2412 hoc
2454 2366 2712 2431 genere

452 2458 869 2531 invenimus.
922 2458 1104 2543 quod
1149 2478 1235 2524 ex
1282 2458 1591 2543 Epistula
1642 2459 1726 2524 ad
1782 2458 2072 2525 Pisones
2119 2477 2253 2525 non
2284 2460 2706 2543 quaesiverit.

455 2572 656 2651 Illud,
715 2573 1030 2657 quamvis
1070 2574 1156 2639 ab
1197 2573 1442 2639 eodem
1490 2575 1676 2638 sonte
1716 2573 1804 2638 sit
1858 2572 2289 2653 arcessitum,
2336 2572 2714 2639 notandum

454 2687 682 2750 tamen
749 2689 877 2762 est,
946 2686 1167 2771 poetis
1229 2704 1386 2751 eum
1448 2684 1787 2769 gratulari
1860 2685 2041 2769 quod
2104 2684 2484 2751 domestica
2536 2684 2718 2751 facta

452 2797 803 2864 celebrare
852 2798 1001 2866 ausi
1053 2803 1214 2864 sunt
1254 2812 1701 2884 veterumque
1747 2798 2044 2883 vestigia
2086 2799 2458 2884 aliquando
2516 2799 2715 2867 dese-

449 2927 660 2976 rere:
716 2911 785 2975 in
837 2912 1042 2977 tertio
1086 2910 1271 2977 enim
1313 2911 1518 2990 libro,
1556 2911 1642 2975 de
1693 2910 1980 2994 tragicis
2039 2911 2389 2996 epicisque
2444 2911 2716 2978 vatibus

449 3023 750 3099 locutus,
787 3024 940 3091 haec
973 3025 1167 3091 addit
1201 3040 1217 3091 ε

629 3214 719 3280 Ils
755 3214 945 3280 n’ont
970 3233 1093 3300 pas
1118 3213 1363 3280 merite
1398 3234 1531 3300 peu
1561 3215 1647 3280 de
1681 3215 1907 3299 gloire
1938 3219 2003 3279 et
2035 3213 2442 3292 d’honneur‚

631 3327 904 3393 D'avoir
936 3326 1143 3394 laisse
1179 3328 1265 3393 du
1304 3329 1480 3395 Grec
1510 3331 1578 3393 et
1606 3329 1695 3394 du
1729 3329 2019 3393 Romaiu
2055 3345 2358 3394 sonneur

633 3442 723 3506 Le
753 3440 960 3506 vieux
990 3441 1264 3506 chemin
1302 3442 1516 3520 battu‚
1551 3440 1804 3506 faisant
1833 3440 2120 3506 chanter
2143 3439 2213 3505 la
2244 3439 2470 3526 gloire

631 3553 724 3617 De
755 3550 940 3618 leurs
968 3555 1201 3636 gestes
1226 3552 1459 3637 privez
1489 3571 1627 3618 aux
1661 3551 1840 3619 filles
1874 3553 1960 3619 de
1997 3550 2350 3619 Memoire.

452 3740 752 3825 Agnosci
790 3739 1066 3825 quidem
1103 3739 1303 3806 facile
1337 3744 1624 3825 possunt
1659 3740 1730 3806 hi
1767 3740 1993 3807 Flacci
2024 3759 2266 3808 versus
2300 3757 2317 3806 :

805 3904 946 3970 Nec
983 3903 1343 3970 minimum
1372 3922 1689 3970 meruere
1723 3904 1960 3986 decus.
1999 3906 2129 3971 etc.
2166 3904 2277 3990 (3).

419 4113 424 4120 ·
453 4093 610 4175 Sed,
637 4091 941 4158 secundo
970 4091 1040 4157 in
1077 4090 1282 4163 libro,
1310 4090 1571 4156 Horatii
1599 4108 1731 4156 non
1753 4091 1904 4174 jam
1932 4089 2249 4175 vestigiis
2270 4090 2525 4158 insistit
2544 4091 2710 4158 Val-

451 4206 753 4280 kelinus,
804 4206 920 4272 ubi
973 4208 1212 4291 poetas
1254 4204 1570 4270 hortatur
1612 4207 1685 4271 ut
1733 4204 2123 4270 fabularum
2163 4208 2577 4288 argumenta
2622 4223 2710 4272 ex

452 4321 692 4408 patriis
725 4320 1032 4387 historiis
1068 4324 1304 4408 petant
1343 4333 1357 4383 τ

505 4535 567 4588 (1)
595 4534 657 4579 11.

504 4611 564 4670 (²)
595 4613 656 4657 11.

503 4689 568 4744 (3)
594 4690 715 4734 Hor.
733 4688 815 4735 π
832 4690 883 4735 et
900 4700 1007 4746 neq.
