3561 5729
1854 597 2173 695 ..-28-

974 743 1207 810 Multis
1276 743 1324 808 ii
1390 743 1683 810 vinculis
1748 743 2062 828 pristinae
2126 746 2384 809 nostrae
2460 744 2688 832 poesis
2747 744 3132 830 disciplinae

886 857 1473 941 constringuntur.
1542 855 2052 944 Rhythmorum
2112 858 2616 941 verborumque
2685 857 3141 924 cavillationi-

884 975 1014 1039 bus
1072 991 1312 1038 omnes
1357 972 1794 1039 indulserunt
1843 970 1967 1058 (1);
2024 971 2364 1055 allegoria
2413 990 2578 1039 vero
2634 972 2703 1038 in
2760 972 3141 1061 plerorum-

886 1104 1018 1172 que
1046 1085 1370 1170 operibus
1406 1085 1626 1167 floret‚
1654 1085 1844 1151 velut
1869 1084 2222 1153 hereditas
2256 1083 2573 1169 quaedam
2598 1102 2642 1150 a
2670 1084 3140 1170 superioribus

886 1198 1106 1283 poetis
1158 1200 1441 1281 accepta
1493 1195 1599 1281 (2).
1662 1196 1792 1263 Sed
1841 1198 2074 1262 tamen
2129 1215 2253 1281 pro
2307 1195 2646 1262 Ronsardi
2703 1196 3139 1281 Pleiadisque

884 1309 1222 1397 proximis
1261 1310 1815 1377 antecessoribus
1833 1312 1993 1394 jure
2018 1310 2315 1376 habendi
2351 1313 2530 1377 sunt.
2575 1333 2608 1370 «
2634 1310 2896 1391 Scaeva,
2935 1313 3132 1393 Beza,

885 1422 1320 1507 PelletariuS,
1369 1428 1443 1490 ut
1493 1423 1858 1490 Pascasius
1908 1424 2056 1509 ipse
2102 1422 2341 1490 scribit
2375 1422 2482 1512 (3),
2524 1423 2986 1490 recentiorum
3019 1442 3139 1488 va-

883 1541 1030 1604 tum
1062 1538 1256 1624 quasi
1297 1561 1329 1601 «
1360 1556 1887 1628 praecursores»
1926 1539 2420 1605 exstiterunt...
2456 1562 2489 1598 »
2529 1560 2563 1601 «
2587 1539 2882 1605 Jacobus
2914 1538 3137 1605 Pelle-

881 1652 1100 1719 tarius
1134 1653 1566 1719 Cenomanus
1601 1654 1865 1739 poesim
1903 1656 2209 1720 nostram
2238 1654 2437 1720 novis
2472 1654 3131 1720 coloribusinduere

883 1767 1116 1853 coepit,
1179 1768 1604 1852 multumque
1653 1767 2024 1853 profecit...
2087 1766 2195 1855 (4).
2229 1789 2263 1830 n
2323 1769 2659 1835 «Primus
2716 1769 2830 1853 qui
2878 1786 3132 1835 novum

881 1883 1155 1968 aperuit
1193 1884 1610 1950 curriculum
1660 1883 1789 1950 fuit
1839 1882 2199 1950 Mauritius
2249 1884 2529 1966 Scaeva3
2582 1901 2766 1963 nam,
2822 1881 3135 1966 quamvis

882 1995 1193 2081 priorum
1244 1999 1477 2063 vatum
1528 1996 1599 2062 in
1640 1998 2004 2081 Juventute
2052 1996 2349 2081 vestigia
2410 2006 2684 2063 secutus
2737 1997 2955 2078 esset,
3015 2014 3134 2061 eos

881 2111 1373 2197 progrediente
1408 2115 1613 2179 aetate
1665 2111 1995 2194 deseruit,
2041 2114 2116 2178 ut
2154 2111 2363 2177 aliam
2393 2111 2580 2177 viam
2610 2112 2906 2178 tentaret
2953 2109 3034 2197 (5)
3066 2134 3126 2176 ».

883 2226 1144 2293 Scaevae
1177 2226 1403 2291 eidem
1436 2226 1563 2291 hos
1597 2243 1840 2291 versus
1879 2224 2179 2290 Bellaius
2214 2223 2488 2313 scripsit
2517 2240 2532 2290 t

1233 2401 1459 2469 Gentil
1491 2400 1728 2491 esprit‚
1768 2404 2127 2468 ornement
2157 2401 2340 2467 dela
2373 2403 2659 2481 France‚

1234 2519 1388 2600 Qui,
1427 2518 1792 2603 d'Apollon
1828 2518 2281 2609 sainctement
2313 2517 2597 2603 inspira,

1230 2635 1382 2700 T’es
1419 2635 1483 2700 le
1509 2634 1813 2720 premier
1845 2634 1936 2700 du
1972 2634 2219 2722 peuple
2253 2632 2460 2700 retire

1233 2748 1402 2814 Loin
1428 2747 1517 2813 du
1554 2747 1828 2814 chemin
1856 2745 2045 2812 trace
2080 2765 2206 2836 par
2237 2747 2636 2831 ignorance.

772 2911 777 2916 ⁴
878 2937 1137 3001 Pontus
1170 2934 1531 3016 ThiarduS,
1565 2933 1679 3019 qui
1707 2934 1887 3000 inter
1910 2933 2211 3000 Pleiadis
2243 2936 2479 3019 poetas
2514 2934 2661 3018 ipse
2690 2934 3128 3000 adnumerari

879 3045 1078 3126 solet,
1126 3045 1334 3112 etiam
1374 3063 1530 3111 cum
1572 3045 1853 3128 juvenis
1897 3044 2268 3111 admodum
2315 3048 2520 3127 esset,
2554 3046 2703 3130 jam
2749 3049 3132 3113 tentaverat

878 3160 1221 3244 quomodo
1258 3160 1521 3244 poesim
1561 3177 1896 3226 renovare
1932 3163 2185 3243 posset.
2223 3161 2299 3224 In
2348 3177 2633 3245 operum
2676 3159 3121 3244 praefatione:
3227 3201 3246 3216 ·

881 3301 916 3338 ι(
945 3275 1219 3358 Curavi,
1258 3275 1501 3361 inquit,
1544 3279 1620 3343 ut
1653 3274 2037 3341 carminum
2086 3293 2395 3342 meorum
2447 3274 2695 3358 stilum⁴
2720 3274 3126 3361 locupletius

929 3522 990 3574 (1)
1020 3521 1191 3566 Multis
1211 3525 1325 3577 post
1344 3523 1488 3567 annis
1510 3535 1655 3578 quam
1684 3524 1975 3567 Ronsardus
2005 3525 2211 3577 ejusque
2236 3523 2383 3566 amici
2406 3523 2600 3577 poesim
2626 3524 2845 3564 nostram
2882 3523 3125 3565 restaura-

876 3590 1067 3639 verant.
1085 3588 1251 3642 steph.
1270 3588 1534 3631 Pascasius
1552 3589 1786 3639 gloriatur
1807 3588 1934 3644 quod
1956 3587 2086 3632 Galli
2106 3591 2264 3644 poetae
2284 3590 2559 3640 Reciprocos
2574 3588 2815 3638 (Diomed.
2838 3587 3123 3636 Grammat·.

877 3649 961 3694 lib.
984 3651 1081 3704 111),
1103 3651 1185 3694 vel
1205 3653 1508 3694 Rectam-entes
1527 3652 1647 3702 (Sid.
1667 3651 1885 3707 Apollin.
1909 3653 2070 3706 Epist.
2090 3651 2147 3704 9),
2175 3663 2351 3695 versus
2373 3654 2504 3695 tauta
2537 3653 2757 3696 sollertia
2786 3651 3123 3702 condiderunt,

876 3717 931 3758 ut
958 3716 1300 3771 antiquitatem
1333 3717 1493 3772 ipsam
1524 3717 1575 3760 in
1600 3718 1694 3760 hoc
1717 3719 2089 3772 superaverint:
2127 3719 2188 3771 et,
2223 3717 2450 3772 quamvis
2478 3717 2587 3772 ipse
2618 3716 2668 3760 in
2688 3716 2970 3760 istiusmodi
2992 3709 3122 3760 ludis

875 3782 1035 3835 magis
1068 3783 1238 3826 inesse
1270 3795 1399 3827 curae
1430 3795 1576 3839 quam
1614 3783 1798 3837 ingenii
1833 3782 2133 3838 profiteatur,
2174 3795 2273 3827 non
2305 3786 2471 3828 tamen
2503 3785 2668 3838 potest
2704 3783 2824 3838 quin
2866 3783 3123 3828 subtilium

874 3850 1214 3902 rhythmorum
1248 3851 1401 3893 multa
1436 3851 1663 3906 exempla
1708 3850 1761 3893 in
1799 3851 1988 3903 gallicae
2027 3851 2196 3906 poesis
2235 3851 2472 3894 honorem
2513 3851 2742 3905 proferat.
2785 3851 2944 3905 (Rech.
2985 3851 3040 3891 de
3077 3850 3120 3890 ια

873 3916 1074 3969 Franco,
1100 3915 1186 3960 lib.
1206 3917 1310 3971 vn,
1332 3928 1439 3971 cap.
1463 3917 1567 3970 XV,
1595 3918 1676 3961 rol.
1696 3917 1918 3971 665-670.)

926 3994 988 4048 (2)
1017 3994 1070 4037 In
1110 3994 1312 4038 Bocheti
1340 3998 1567 4051 poemate
1595 4013 1618 4035 (t
1646 3997 1829 4050 Temple
1856 3999 1912 4038 de
1941 3997 2090 4038 bonno
2117 3998 2422 4039 ronommde»
2448 3996 2684 4051 inscripto
2719 3995 2877 4048 (1514‘.
2917 3994 3121 4046 Religio,

874 4060 1096 4114 DevotiO,
1116 4062 1345 4106 militaris
1365 4062 1654 4118 Disciplina,
1677 4063 1839 4118 Artes,
1863 4063 2108 4118 Scientioe,
2126 4065 2239 4114 etc..
2261 4073 2373 4106 cum
2392 4062 2622 4106 omnibus
2643 4062 2840 4116 Olympi
2862 4060 2969 4104 Diis
2986 4059 3124 4102 indu-

874 4130 1065 4171 cuntur.
1104 4128 1274 4172 Scaeva
1310 4129 1565 4173 Francisci
1590 4129 1810 4184 delphini
1843 4132 2050 4173 mortem
2080 4140 2167 4184 per
2201 4128 2485 4182 allegoriam
2521 4130 2572 4172 in
2605 4129 2821 4172 carmine
2854 4127 2933 4170 cui
2967 4126 3122 4168 Arion

873 4193 1047 4237 titulus
1080 4197 1158 4238 est
1190 4195 1414 4250 deplorat
1445 4195 1601 4248 (1536).
1643 4195 1857 4239 Salcllus
1887 4195 2028 4239 illum
2061 4194 2314 4249 componit
2346 4195 2599 4250 Dialoqum
2630 4208 2729 4238 non
2759 4197 2941 4238 minus·
2961 4194 3122 4237 utilem

873 4273 1017 4314 quam
1029 4262 1315 4316 jucundum,
1335 4263 1389 4303 in
1409 4275 1498 4314 quo
1523 4264 1715 4315 Jupiter
1743 4263 2013 4315 Cupidoque
2037 4263 2092 4302 de
2113 4273 2200 4302 aua
2219 4266 2412 4314 uterque
2437 4264 2647 4314 potentia
2681 4265 2926 4317 disputant
2952 4263 3121 4320 (1538)·.

872 4327 924 4372 in
951 4327 1104 4370 altero
1122 4329 1319 4383 Dialoqo
1346 4328 1600 4372 Mellinum
1632 4328 1974 4381 Sangelasium
2002 4330 2053 4371 et
2071 4327 2323 4371 Victorem
2343 4327 2614 4372 Brodaeum
2636 4329 2728 4374 sub
2757 4331 2964 4375 duorum
2986 4330 3125 4375 navi-

875 4395 1033 4438 tarum
1054 4395 1220 4449 specie
1241 4394 1445 4449 inducit,
1465 4395 1689 4447 ejusdem
1712 4394 1963 4438 Francisci
1988 4393 2240 4437 Interitum
2260 4393 2540 4438 defleturos.

923 4471 986 4526 (3)
1016 4473 1150 4515 men.
1172 4473 1228 4514 do
1244 4472 1291 4513 ια
1309 4473 1411 4526 Fr„
1430 4471 1516 4517 nb.
1542 4473 1647 4527 vu,
1670 4483 1778 4528 cap.
1801 4472 1905 4527 vn,
1928 4472 2012 4517 τοι.
2029 4471 2125 4517 616.

925 4547 989 4601 (4)
1015 4548 1152 4599 una„
1173 4547 1256 4592 roi.
1276 4547 1371 4591 615.

927 4626 989 4679 (5)
1017 4625 1156 4679 una„
1176 4626 1292 4669 ibid.
