3561 5729
1384 637 1703 700 -75-

551 779 804 866 Depuis
834 798 966 865 que
1000 781 1315 847 Ronsard
1353 784 1470 849 eut
1497 779 1742 849 amene
1768 782 1871 849 les
1904 783 2146 850 modes

553 897 655 963 Du
686 898 846 962 tour
881 898 951 962 et
983 896 1075 964 du
1108 900 1344 963 retour
1372 899 1439 963 et
1473 897 1563 963 du
1598 916 1803 983 repos
1829 898 1951 965 des
1986 899 2179 982 odeS,

553 1009 828 1075 Imitant
860 1009 931 1075 la
958 1027 1225 1094 pavane
1260 1027 1350 1075 ou
1385 1009 1475 1075 du
1514 1028 1640 1093 roy
1669 1009 1732 1087 le
1772 1012 1997 1095 grand
2029 1012 2169 1094 bal,

553 1126 646 1191 Le
680 1124 1008 1207 Francois
1032 1124 1221 1190 n'eut
1249 1123 1492 1209 depuis
1522 1143 1609 1190 en
1640 1125 1911 1211 Europe
1942 1124 2195 1211 d'egal.

424 1354 793 1421 Uberiores
841 1356 1119 1439 quidem
1163 1357 1323 1421 sunt
1373 1357 1443 1421 et
1493 1355 1690 1420 extra
1727 1353 2009 1420 modum
2049 1353 2164 1419 hae
2214 1353 2488 1439 laudes;
2543 1355 2665 1421 sed

423 1468 737 1534 excusari
771 1470 840 1534 et
874 1470 1161 1554 possunt
1192 1472 1260 1534 et
1300 1467 1582 1551 debent3
1625 1467 1983 1534 Ronsardo
2019 1466 2203 1533 enim
2231 1469 2427 1533 tanta
2460 1466 2674 1534 animi

422 1580 525 1646 vis
551 1583 620 1646 et
654 1580 950 1665 impetus
976 1583 1147 1662 erat,
1173 1583 1269 1657 ut,
1304 1580 1633 1664 quidquid
1669 1579 1739 1644 in
1759 1579 1980 1664 lyrica
2000 1579 2190 1664 poesi
2217 1579 2673 1646 elatissimum

422 1698 491 1761 et
533 1693 1104 1761 sublimissimum
1150 1697 1491 1775 versatur,
1530 1696 1758 1759 mente
1803 1693 2227 1781 conciperet;
2269 1711 2375 1774 ac,
2415 1693 2473 1760 si
2520 1694 2677 1760 aliis

421 1808 849 1896 temporibus
874 1807 1236 1891 viguisset,
1275 1807 1810 1891 domesticaeque
1847 1806 2106 1890 linguae
2141 1807 2498 1895 expeditas
2529 1810 2674 1873 tum

421 1921 801 1987 invenisset
848 1926 1261 2006 paratasque
1310 1939 1501 2005 opes,
1549 1938 1687 1985 non
1734 1920 2021 1986 dubium
2060 1923 2189 2001 est,
2241 1921 2406 2004 quin
2439 1922 2590 2005 jam
2636 1938 2680 1986 a

417 2033 759 2121 principio
806 2032 1073 2118 poesim
1121 2034 1428 2098 nostram
1477 2032 1549 2097 in
1595 2049 1941 2098 summum
1994 2032 2360 2099 evexisset.
2406 2034 2680 2099 AEstuat

417 2148 568 2235 ipse
597 2154 935 2234 angustos
982 2150 1161 2214 intra
1196 2149 1488 2234 limites;
1526 2148 1961 2215 vinculorum
2001 2148 2394 2237 impatiens,
2431 2149 2680 2233 quibus

417 2283 619 2332 mens
668 2264 1053 2346 cohibetur,
1107 2282 1214 2345 ea,
1253 2263 1472 2330 libero
1516 2262 1690 2329 caelo
1738 2281 1813 2329 se
1846 2264 2138 2348 Jamjam
2188 2262 2675 2350 permissuruS,

417 2376 748 2463 frangere
793 2377 1210 2462 nequiquam
1254 2378 1496 2458 tentat,
1530 2375 1918 2461 frenditque
1967 2379 2037 2443 et
2076 2377 2335 2465 saepius
2364 2376 2675 2461 queritur

420 2492 606 2577 quod
658 2490 986 2557 eximiam
1026 2491 1220 2557 illam
1269 2490 1802 2576 pulchritudinis
1844 2491 2171 2575 speciem,
2204 2508 2409 2575 quam
2449 2490 2679 2556 animo

417 2607 489 2671 et
516 2603 939 2687 cogitatione
973 2603 1311 2692 concepit,
1349 2603 1581 2670 verbis
1626 2604 2070 2689 numerisque
2113 2603 2504 2691 exprimere
2539 2621 2678 2668 non

418 2717 661 2804 possit.
701 2718 895 2783 Hanc
937 2721 1169 2783 autem
1220 2735 1634 2801 generosam
1686 2717 2237 2801 indignationem
2270 2717 2417 2782 veri
2452 2717 2677 2812 poetae

417 2851 571 2901 esse
595 2851 736 2900 non
773 2832 1209 2900 infitiandum
1244 2840 1370 2900 est.
1408 2833 1607 2899 Haud
1638 2831 1853 2917 igitur
1881 2831 2461 2901 contemnendum
2495 2832 2676 2898 Ron-

416 2949 605 3016 sardi
652 2948 1047 3032 ingenium,
1096 2966 1227 3014 nec
1266 2947 1617 3014 Valkelini
1665 2947 1988 3014 laudibus
2027 2948 2230 3033 plane
2280 2947 2671 3031 indignum.

419 3064 665 3144 Imm0,
698 3062 1013 3146 quamvis
1047 3062 1343 3146 grandia
1370 3079 1528 3146 quae
1562 3061 1912 3147 professus
1934 3063 2128 3128 estet
2156 3081 2278 3151 spe
2302 3079 2681 3148 praesump-

421 3175 534 3257 sit,
594 3174 947 3241 rarissime
1000 3173 1307 3259 impleat,
1369 3174 1439 3239 in
1494 3174 1784 3240 odarum
1850 3174 2159 3263 ipsarum
2214 3175 2406 3259 justa
2462 3181 2684 3240 certa-

422 3306 556 3372 que
632 3288 1202 3367 conformatione,
1264 3286 1335 3352 in
1423 3288 1865 3372 stropharum
1944 3291 2011 3353 et
2092 3287 2678 3372 antistropharum

422 3403 715 3485 vicibus,
774 3402 847 3468 in
914 3420 1242 3469 sonorum
1317 3403 1822 3486 verborumque
1888 3402 2283 3491 splendore,
2352 3404 2682 3486 majestas

423 3518 746 3602 quaedam
793 3518 1040 3598 inerat,
1101 3534 1293 3601 quae,
1349 3516 1619 3583 etiamsi
1682 3517 1857 3583 nihil
1914 3517 1985 3582 in
2032 3535 2107 3583 se
2175 3516 2464 3582 haberet
2512 3516 2680 3582 satis

422 3632 734 3717 expressi
796 3649 877 3697 ac
926 3630 1155 3709 solidi,
1218 3629 1591 3714 aequalium
1640 3632 1872 3694 tamen
1918 3627 2448 3695 admirationem
2494 3627 2681 3694 haud

418 3744 766 3811 immerito
801 3744 1172 3823 excitabat,
1201 3745 1270 3809 et
1291 3741 1564 3826 judicia
1595 3760 1734 3807 non
1766 3741 2248 3808 dedecorabat.
2290 3741 2513 3808 Venia
2541 3742 2678 3826 igi-

413 3864 530 3926 tur
552 3857 920 3924 Valkelino
956 3874 1094 3921 non
1129 3855 1452 3939 neganda
1485 3857 1612 3935 est,
1645 3853 1704 3921 si
1733 3854 2042 3921 omnium
2078 3853 2398 3921 laudibus
2429 3854 2678 3921 laudes

419 3971 570 4056 ipse
606 3987 768 4036 suas
796 3968 1062 4035 miscet.

511 4086 600 4149 At
637 4082 870 4147 vivida
917 4080 1199 4146 Pindari
1243 4083 1312 4146 et
1359 4079 1553 4164 quasi
1603 4079 1919 4146 animosa
1975 4080 2131 4162 oda,
2173 4098 2329 4164 quae
2380 4085 2677 4164 cantata,

420 4198 635 4263 immo
675 4197 925 4262 saltata
967 4197 1140 4273 erat,
1175 4214 1261 4260 ex
1307 4194 1622 4277 heroum,
1662 4194 2043 4274 civitatum,
2093 4195 2379 4260 deorum
2418 4214 2686 4280 praeco-

416 4312 580 4392 niiS,
625 4330 713 4376 ex
743 4328 1001 4394 magna
1033 4308 1625 4375 circumstantium
1652 4326 1932 4389 corona,
1954 4327 2040 4374 ex
2063 4308 2446 4394 splendidae
2468 4309 2685 4394 ipsius

418 4443 698 4512 pompae
738 4426 1100 4509 apparatu,
1137 4441 1293 4507 quae
1339 4421 1573 4487 omnia
1614 4425 1943 4506 tanquam
1982 4422 2372 4488 adventicia
2416 4426 2483 4488 et
2525 4441 2567 4487 a
2607 4440 2680 4488 re

420 4540 652 4606 aliena
683 4537 885 4604 nobis
914 4537 1260 4619 videntur,
1299 4535 1613 4620 spiritum
1648 4535 1872 4619 ipsum
1906 4536 2201 4602 ducebat
2221 4539 2289 4602 et
2321 4535 2684 4621 praesentis

417 4658 616 4719 actus
663 4652 1004 4717 effectum.
1048 4651 1285 4735 Itaque
1329 4649 1641 4729 FlaccuS,
1681 4649 1798 4733 qui
1834 4650 1906 4714 in
1944 4649 2153 4734 longe
2187 4649 2481 4718 diversis
2509 4651 2685 4716 tem-
