3561 5729
1880 654 2237 716 —126-

931 815 1161 865 mores
1205 815 1345 863 non
1389 796 1847 877 vindicarent,
1905 795 2076 863 illud
2121 795 2426 881 profecto
2478 815 2618 863 non
2664 795 2869 863 modo
2920 794 3093 862 nihil
3144 814 3190 861 a

929 903 1296 976 Valkelino
1341 910 1523 976 hunc
1564 909 1947 994 excepisse,
1986 910 2109 976 sed
2145 912 2293 994 eJus
2330 912 2565 977 Artem
2609 928 2698 976 ne
2727 909 3004 976 novisse
3038 909 3190 993 qui-

928 1022 1084 1088 dem
1111 1021 1432 1103 ostendit,
1474 1021 1657 1105 quod
1697 1021 2096 1089 domesticae
2140 1023 2440 1088 mediam
2480 1042 2604 1108 per
2648 1026 2923 1089 aetatem
2957 1021 3187 1107 poesis

927 1137 1289 1203 historiam
1323 1136 1596 1224 penitus
1646 1136 1949 1220 ignorat,
1980 1137 2336 1203 minimam
2366 1155 2532 1204 vero
2583 1141 2651 1204 et
2702 1137 3184 1221 pravissimam

931 1253 1188 1337 saepius
1220 1252 1397 1319 sexti
1438 1251 1688 1318 decimi
1723 1252 1962 1319 saeculi
2012 1252 2362 1319 notionem
2410 1252 2640 1319 habet.
2681 1252 2862 1319 Fieri
2909 1251 3189 1336 quidem

930 1364 1291 1452 potuisset,
1341 1368 1440 1448 ut,
1490 1365 1758 1432 etiamsi
1796 1365 2146 1432 Valkelini
2201 1383 2373 1451 opus
2425 1365 2735 1449 legisset,
2768 1382 2908 1430 non
2953 1365 3189 1429 tamen

930 1478 1196 1564 poesim
1261 1482 1568 1545 nostram
1628 1479 1837 1545 altius
1893 1496 2100 1562 quam
2160 1496 2204 1544 a
2271 1477 2546 1544 Villone
2612 1477 2988 1562 repeteret3
3064 1475 3188 1542 sed

926 1590 1243 1674 quamvis
1271 1590 1528 1672 omnia,
1562 1608 2014 1674 quaecumque
2038 1593 2198 1656 ante
2230 1589 2660 1656 Malherbam
2683 1588 2900 1655 nostri
2927 1590 3180 1676 poetae,

929 1704 1183 1787 praeter
1212 1701 1556 1768 Villonem
1594 1720 1677 1768 ac
1718 1703 2087 1783 Mar-otum,
2132 1704 2690 1786 composuerant,
2728 1700 2984 1766 nullius
3031 1716 3184 1766 esse

876 1808 881 1816 ’
926 1815 1130 1901 pretii
1185 1817 1403 1898 ratus,
1441 1834 1582 1881 non
1636 1816 1882 1881 saltem
1933 1815 2006 1880 in
2049 1815 2279 1903 poesis
2332 1814 2623 1881 historia
2677 1819 2816 1880 tam
2871 1813 3187 1897 graviter

929 1933 1050 1997 aut
1081 1934 1221 1996 tam
1248 1949 1435 2015 saepe
1461 1931 1909 2016 peccavisset.
1950 1931 2305 2006 Quomodo
2340 1932 2526 1997 enim
2552 1930 2740 1996 credi
2776 1929 2994 2015 possit
3022 1928 3186 1995 Val-

933 2045 1150 2111 kelini
1197 2048 1434 2111 Artem
1468 2046 1703 2112 Bolaeo
1750 2049 1987 2112 notam
2021 2046 2259 2129 fuisse,
2307 2066 2463 2113 cum
2498 2049 2773 2112 nostros
2814 2047 3112 2128 majores
3144 2060 3187 2108 a

929 2161 1200 2227 theatro
1235 2161 1705 2244 abhorruisse,
1742 2161 1853 2227 vel
1897 2159 2229 2249 mysteria
2262 2180 2306 2227 a
2341 2184 2374 2225 «
2416 2160 2866 2250 peregrinis»
2921 2157 3008 2245 (l)
3036 2157 3189 2241 qui-

930 2274 1220 2341 busdam
1252 2277 1409 2341 acta
1436 2293 1588 2341 esse
1631 2275 1920 2342 doceat?
1964 2276 2245 2342 Ceteros
2279 2292 2576 2356 errores,
2606 2274 2679 2340 in
2721 2291 2893 2358 quos
2926 2272 3190 2338 delabi-

928 2388 1066 2467 tur,
1126 2404 1424 2471 arguere
1492 2405 1632 2453 non
1695 2406 1869 2473 opus
1935 2390 2071 2454 est:
2141 2390 2332 2453 tanta
2405 2386 2840 2472 superiorum
2902 2387 3185 2452 aetatum

927 2500 1275 2589 imperitia
1316 2520 1455 2567 non
1493 2501 2041 2587 intellegeretur,
2090 2502 2148 2568 si
2182 2500 2529 2567 Valkelini
2571 2500 2843 2586 penitus
2877 2499 3185 2566 insolens

927 2616 997 2679 et
1022 2614 1312 2698 ignarus
1341 2616 1617 2683 Bolaeus
1648 2634 1786 2682 non
1820 2616 2085 2683 fuisset.

1015 2726 1147 2793 Sed
1184 2729 1547 2795 amborum
1578 2732 1780 2796 Artes
1825 2731 2114 2814 poeticae
2136 2731 2285 2813 Jam
2330 2727 2851 2816 comparandae:
2886 2744 3181 2810 quarum

926 2838 1240 2906 ordinem
1289 2840 1588 2929 primum
1637 2859 1719 2907 ac
1770 2841 2292 2928 dispositionem
2336 2840 2877 2929 perpendemus;
2930 2838 3182 2905 deinde

923 2955 1068 3019 tota
1106 2953 1463 3038 utriusque
1491 2955 1719 3040 operis
1745 2955 1989 3036 forma,
2029 2961 2173 3021 tum
2199 2955 2526 3021 universa
2559 2954 2926 3039 disciplina
2956 2953 3181 3019 confe-

927 3071 1196 3154 rentur3
1254 3087 1479 3154 pauca
1529 3069 1825 3153 denique
1882 3071 1967 3137 de
2023 3071 2293 3159 poetico
2347 3089 2664 3137 sermone
2722 3087 2804 3136 ac
2857 3087 3183 3136 versuum

924 3181 1451 3267 pangendorum
1482 3181 1750 3247 ratione
1785 3181 2079 3247 dicenda
2109 3185 2333 3249 erunt.

1013 3296 1106 3361 De
1139 3295 1382 3361 ordine
1413 3296 1484 3361 in
1520 3296 1868 3362 Valkelini
1900 3299 2066 3363 Arte
2103 3297 2365 3381 aliquid
2384 3298 2533 3381 jam
2563 3297 2942 3383 attigimus.
2983 3298 3177 3375 Quod

924 3407 1129 3493 poeta
1162 3405 1304 3487 ille,
1330 3406 1445 3490 qui
1478 3407 1711 3473 multis
1730 3411 1999 3474 naturae
2030 3408 2432 3475 muneribus
2465 3409 2838 3476 instructus
2863 3412 3180 3476 ornatus-

923 3536 1056 3602 que
1092 3521 1263 3600 erat,
1303 3520 1373 3586 in
1409 3539 1748 3587 summam
1780 3520 2136 3588 hominum
2168 3515 2589 3588 oblivionem
2614 3528 2755 3589 tam
2789 3522 2923 3590 cito
2961 3522 3172 3604 venit,

924 3632 1121 3698 nulla
1167 3634 1598 3700 manifestior
1643 3653 1855 3701 causa
1899 3639 2029 3719 est,
2083 3655 2289 3720 quam
2334 3635 2519 3720 quia,
2558 3637 2746 3703 velut
2796 3636 3046 3703 artifex
3092 3636 3178 3703 de

924 3763 1061 3830 quo
1111 3745 1397 3814 Flaccus
1458 3751 1527 3813 et
1586 3749 1733 3834 ipse
1785 3751 2019 3816 noster
2069 3750 2555 3830 meminerunt,
2610 3753 2827 3817 totum
2877 3749 3176 3835 ponendi

925 3859 1201 3926 nescius
1233 3861 1598 3946 operisque
1629 3881 1900 3928 summa
1933 3864 2196 3944 infelix,
2226 3864 2398 3930 nihil
2436 3883 2649 3952 prope
2685 3884 3010 3949 unquam,
3041 3864 3175 3930 nisi

925 3974 1460 4059 incompositum
1493 3994 1575 4042 ac
1605 3977 1989 4057 confusum,
2014 3978 2341 4045 condidit.
2365 3978 2637 4046 Bolaeus
2663 3985 2902 4046 contra
2935 3979 3175 4045 ordine

924 4105 1007 4154 ac
1039 4088 1155 4154 via
1183 4089 1516 4173 procedit.
1556 4090 1753 4155 Haud
1794 4091 2187 4173 negandum
2240 4092 2518 4176 quidem
2564 4095 2668 4159 est
2700 4094 2849 4176 eJus
2891 4093 3177 4159 divisio-

923 4217 1108 4283 nem,
1142 4219 1297 4284 quae
1331 4220 1461 4267 nec
1505 4201 1733 4285 poesis
1775 4201 2088 4284 historia,
2126 4222 2349 4288 neque
2400 4197 2696 4271 naturali
2742 4205 3172 4289 quorundam

921 4334 1257 4399 generum
1294 4317 1472 4383 inter
1500 4335 1573 4383 se
1596 4317 2009 4400 cognatione
2043 4317 2304 4401 nititur,
2328 4337 2468 4385 non
2492 4320 2659 4386 satis
2693 4320 2780 4385 ad
2812 4319 3172 4387 veritatem

920 4426 1252 4493 accedere
1288 4429 1354 4493 et
1398 4446 1484 4494 ex
1531 4431 1753 4512 poetae
1794 4428 2079 4495 arbitrio
2128 4431 2385 4515 saepius
2426 4432 2751 4515 pendere.
2798 4433 2953 4500 Non
2996 4434 3173 4500 bene

975 4656 1040 4714 (1)
1063 4656 1297 4701 emerius.
