<?xml version="1.0" encoding="UTF-8"?>
<!DOCTYPE html PUBLIC "-//W3C//DTD XHTML 1.0 Transitional//EN"
    "http://www.w3.org/TR/xhtml1/DTD/xhtml1-transitional.dtd">
<html xmlns="http://www.w3.org/1999/xhtml" xml:lang="en" lang="en">
 <head>
  <title>
</title>
<meta http-equiv="Content-Type" content="text/html;charset=utf-8" />
  <meta name='ocr-system' content='tesseract 3.04.00' />
  <meta name='ocr-capabilities' content='ocr_page ocr_carea ocr_par ocr_line ocrx_word'/>
</head>
<body>
  <div class='ocr_page' id='page_1' title='image "./desextidecimisa00pellgoog_0046.png"; bbox 0 0 3561 5729; ppageno 0'>
   <div class='ocr_carea' id='block_1_1' title="bbox 1886 571 2205 632">
    <p class='ocr_par' dir='ltr' id='par_1_1' title="bbox 1886 571 2205 632">
     <span class='ocr_line' id='line_1_1' title="bbox 1886 571 2205 632; baseline 0 -16"><span class='ocrx_word' id='word_1_1' title='bbox 1886 571 2205 632; x_wconf 76' lang='lat'>...42-</span> 
     </span>
    </p>
   </div>
   <div class='ocr_carea' id='block_1_2' title="bbox 912 715 3194 3878">
    <p class='ocr_par' dir='ltr' id='par_1_2' title="bbox 912 715 3186 1939">
     <span class='ocr_line' id='line_1_2' title="bbox 917 715 3174 805; baseline 0.002 -23"><span class='ocrx_word' id='word_1_2' title='bbox 917 715 1111 800; x_wconf 88' lang='lat' dir='ltr'><strong>sequi</strong></span> <span class='ocrx_word' id='word_1_3' title='bbox 1146 715 1565 783; x_wconf 76' lang='lat' dir='ltr'><strong>desinamus·</strong></span> <span class='ocrx_word' id='word_1_4' title='bbox 1596 715 1919 790; x_wconf 84' lang='lat' dir='ltr'><strong>Queritur</strong></span> <span class='ocrx_word' id='word_1_5' title='bbox 1942 715 2283 801; x_wconf 88' lang='lat' dir='ltr'><strong>imprimis</strong></span> <span class='ocrx_word' id='word_1_6' title='bbox 2305 716 2675 793; x_wconf 78' lang='lat' dir='ltr'><strong>Quintilius</strong></span> <span class='ocrx_word' id='word_1_7' title='bbox 2696 737 2964 802; x_wconf 91' lang='lat' dir='ltr'><strong>censor,</strong></span> <span class='ocrx_word' id='word_1_8' title='bbox 2993 721 3174 805; x_wconf 89' lang='lat' dir='ltr'><strong>quod</strong></span> 
     </span>
     <span class='ocr_line' id='line_1_3' title="bbox 919 828 3174 918; baseline 0.003 -24"><span class='ocrx_word' id='word_1_9' title='bbox 919 829 1100 895; x_wconf 90' lang='lat' dir='ltr'><strong>hanc</strong></span> <span class='ocrx_word' id='word_1_10' title='bbox 1133 828 1565 895; x_wconf 73' lang='lat' dir='ltr'><strong>illustrandae</strong></span> <span class='ocrx_word' id='word_1_11' title='bbox 1611 828 1875 914; x_wconf 85' lang='lat' dir='ltr'><strong>linguae</strong></span> <span class='ocrx_word' id='word_1_12' title='bbox 1908 830 2093 896; x_wconf 77' lang='lat' dir='ltr'><strong>viam</strong></span> <span class='ocrx_word' id='word_1_13' title='bbox 2123 830 2425 898; x_wconf 87' lang='lat' dir='ltr'><strong>Bellaius</strong></span> <span class='ocrx_word' id='word_1_14' title='bbox 2455 832 2779 915; x_wconf 80' lang='lat' dir='ltr'><strong>ostendit,</strong></span> <span class='ocrx_word' id='word_1_15' title='bbox 2812 833 2869 899; x_wconf 92' lang='lat' dir='ltr'><strong>si</strong></span> <span class='ocrx_word' id='word_1_16' title='bbox 2905 835 3174 918; x_wconf 85' lang='lat' dir='ltr'><strong>Graeca,</strong></span> 
     </span>
     <span class='ocr_line' id='line_1_4' title="bbox 920 942 3176 1027; baseline 0.003 -19"><span class='ocrx_word' id='word_1_17' title='bbox 920 942 1167 1009; x_wconf 84' lang='lat' dir='ltr'><strong>Latina</strong></span> <span class='ocrx_word' id='word_1_18' title='bbox 1216 942 1589 1027; x_wconf 86' lang='lat' dir='ltr'><strong>Italicaque</strong></span> <span class='ocrx_word' id='word_1_19' title='bbox 1642 945 1858 1009; x_wconf 87' lang='lat' dir='ltr'><strong>verba</strong></span> <span class='ocrx_word' id='word_1_20' title='bbox 1909 944 2220 1012; x_wconf 84' lang='lat' dir='ltr'><strong>Franciae</strong></span> <span class='ocrx_word' id='word_1_21' title='bbox 2273 947 2467 1013; x_wconf 88' lang='lat' dir='ltr'><strong>vates</strong></span> <span class='ocrx_word' id='word_1_22' title='bbox 2512 946 2886 1013; x_wconf 84' lang='lat' dir='ltr'><strong>adhibeant</strong></span> <span class='ocrx_word' id='word_1_23' title='bbox 2931 963 2946 1014; x_wconf 92' lang='lat'>:</span> <span class='ocrx_word' id='word_1_24' title='bbox 2994 947 3176 1015; x_wconf 85' lang='lat' dir='ltr'><strong>haud</strong></span> 
     </span>
     <span class='ocr_line' id='line_1_5' title="bbox 920 1054 3181 1143; baseline 0.002 -22"><span class='ocrx_word' id='word_1_25' title='bbox 920 1054 1136 1139; x_wconf 90' lang='lat' dir='ltr'><strong>enim,</strong></span> <span class='ocrx_word' id='word_1_26' title='bbox 1170 1059 1246 1123; x_wconf 89' lang='lat' dir='ltr'><strong>ut</strong></span> <span class='ocrx_word' id='word_1_27' title='bbox 1291 1055 1440 1141; x_wconf 89' lang='lat' dir='ltr'><strong>ipse</strong></span> <span class='ocrx_word' id='word_1_28' title='bbox 1473 1058 1596 1134; x_wconf 81' lang='lat' dir='ltr'><strong>al‘t,</strong></span> <span class='ocrx_word' id='word_1_29' title='bbox 1642 1054 2034 1123; x_wconf 80' lang='lat' dir='ltr'><strong>defenditur</strong></span> <span class='ocrx_word' id='word_1_30' title='bbox 2064 1057 2198 1124; x_wconf 92' lang='lat' dir='ltr'><strong>hoc</strong></span> <span class='ocrx_word' id='word_1_31' title='bbox 2231 1060 2430 1143; x_wconf 89' lang='lat' dir='ltr'><strong>pacto</strong></span> <span class='ocrx_word' id='word_1_32' title='bbox 2465 1058 2707 1143; x_wconf 91' lang='lat' dir='ltr'><strong>lingua</strong></span> <span class='ocrx_word' id='word_1_33' title='bbox 2733 1058 2845 1125; x_wconf 84' lang='lat' dir='ltr'><strong>vel</strong></span> <span class='ocrx_word' id='word_1_34' title='bbox 2878 1059 3181 1127; x_wconf 87' lang='lat' dir='ltr'><strong>illustra-</strong></span> 
     </span>
     <span class='ocr_line' id='line_1_6' title="bbox 920 1171 3179 1261; baseline 0.003 -25"><span class='ocrx_word' id='word_1_35' title='bbox 920 1172 1059 1253; x_wconf 86' lang='lat' dir='ltr'><strong>tur,</strong></span> <span class='ocrx_word' id='word_1_36' title='bbox 1128 1171 1249 1237; x_wconf 90' lang='lat' dir='ltr'><strong>sed</strong></span> <span class='ocrx_word' id='word_1_37' title='bbox 1311 1171 1680 1238; x_wconf 87' lang='lat' dir='ltr'><strong>offenditur</strong></span> <span class='ocrx_word' id='word_1_38' title='bbox 1735 1178 1805 1237; x_wconf 90' lang='lat' dir='ltr'><strong>et</strong></span> <span class='ocrx_word' id='word_1_39' title='bbox 1862 1172 2173 1240; x_wconf 87' lang='lat' dir='ltr'><strong>elevatur</strong></span> <span class='ocrx_word' id='word_1_40' title='bbox 2233 1172 2366 1261; x_wconf 82' lang='lat' dir='ltr'><strong>(l).&#39;</strong></span> <span class='ocrx_word' id='word_1_41' title='bbox 2412 1175 2565 1241; x_wconf 91' lang='lat' dir='ltr'><strong>Non</strong></span> <span class='ocrx_word' id='word_1_42' title='bbox 2626 1175 3045 1242; x_wconf 81' lang='lat' dir='ltr'><strong>immeritum</strong></span> <span class='ocrx_word' id='word_1_43' title='bbox 3112 1175 3179 1242; x_wconf 90' lang='lat' dir='ltr'><strong>id</strong></span> 
     </span>
     <span class='ocr_line' id='line_1_7' title="bbox 923 1284 3179 1372; baseline 0.002 -22"><span class='ocrx_word' id='word_1_44' title='bbox 923 1284 1186 1351; x_wconf 79' lang='lat' dir='ltr'><strong>crimen</strong></span> <span class='ocrx_word' id='word_1_45' title='bbox 1226 1300 1242 1350; x_wconf 89' lang='lat'><strong>:</strong></span> <span class='ocrx_word' id='word_1_46' title='bbox 1290 1284 1628 1350; x_wconf 81' lang='lat' dir='ltr'><strong>vocabula</strong></span> <span class='ocrx_word' id='word_1_47' title='bbox 1671 1287 1932 1369; x_wconf 90' lang='lat' dir='ltr'><strong>tamen,</strong></span> <span class='ocrx_word' id='word_1_48' title='bbox 1979 1304 2135 1370; x_wconf 81' lang='lat' dir='ltr'><strong>quae</strong></span> <span class='ocrx_word' id='word_1_49' title='bbox 2182 1286 2483 1353; x_wconf 87' lang='lat' dir='ltr'><strong>Bellaius</strong></span> <span class='ocrx_word' id='word_1_50' title='bbox 2525 1288 2808 1372; x_wconf 91' lang='lat' dir='ltr'><strong>ejusque</strong></span> <span class='ocrx_word' id='word_1_51' title='bbox 2846 1288 3048 1355; x_wconf 89' lang='lat' dir='ltr'><strong>amici</strong></span> <span class='ocrx_word' id='word_1_52' title='bbox 3093 1307 3179 1355; x_wconf 85' lang='lat' dir='ltr'><strong>ex</strong></span> 
     </span>
     <span class='ocr_line' id='line_1_8' title="bbox 923 1397 3179 1485; baseline 0.002 -20"><span class='ocrx_word' id='word_1_53' title='bbox 923 1397 1226 1483; x_wconf 84' lang='lat' dir='ltr'><strong>antiquis</strong></span> <span class='ocrx_word' id='word_1_54' title='bbox 1260 1397 1560 1466; x_wconf 87' lang='lat' dir='ltr'><strong>fontibus</strong></span> <span class='ocrx_word' id='word_1_55' title='bbox 1585 1399 1964 1483; x_wconf 90' lang='lat' dir='ltr'><strong>detorsere,</strong></span> <span class='ocrx_word' id='word_1_56' title='bbox 2000 1419 2142 1467; x_wconf 90' lang='lat' dir='ltr'><strong>non</strong></span> <span class='ocrx_word' id='word_1_57' title='bbox 2174 1400 2271 1468; x_wconf 91' lang='lat' dir='ltr'><strong>ita</strong></span> <span class='ocrx_word' id='word_1_58' title='bbox 2304 1402 2519 1468; x_wconf 83' lang='lat' dir='ltr'><strong>multa</strong></span> <span class='ocrx_word' id='word_1_59' title='bbox 2548 1407 2731 1485; x_wconf 90' lang='lat' dir='ltr'><strong>sunt,</strong></span> <span class='ocrx_word' id='word_1_60' title='bbox 2762 1405 2840 1469; x_wconf 90' lang='lat' dir='ltr'><strong>ut</strong></span> <span class='ocrx_word' id='word_1_61' title='bbox 2870 1402 3179 1469; x_wconf 88' lang='lat' dir='ltr'><strong>accusari</strong></span> 
     </span>
     <span class='ocr_line' id='line_1_9' title="bbox 912 1514 3179 1599; baseline 0.001 -19"><span class='ocrx_word' id='word_1_62' title='bbox 912 1516 1074 1599; x_wconf 90' lang='lat' dir='ltr'><strong>jure</strong></span> <span class='ocrx_word' id='word_1_63' title='bbox 1114 1514 1401 1599; x_wconf 88' lang='lat' dir='ltr'><strong>possint,</strong></span> <span class='ocrx_word' id='word_1_64' title='bbox 1438 1516 1619 1599; x_wconf 93' lang='lat' dir='ltr'><strong>quod</strong></span> <span class='ocrx_word' id='word_1_65' title='bbox 1657 1516 2111 1583; x_wconf 88' lang='lat' dir='ltr'><strong>domesticum</strong></span> <span class='ocrx_word' id='word_1_66' title='bbox 2158 1535 2548 1583; x_wconf 87' lang='lat' dir='ltr'><strong>sermonem</strong></span> <span class='ocrx_word' id='word_1_67' title='bbox 2581 1518 3000 1585; x_wconf 88' lang='lat' dir='ltr'><strong>vitiaverint.</strong></span> <span class='ocrx_word' id='word_1_68' title='bbox 3050 1518 3179 1585; x_wconf 86' lang='lat' dir='ltr'><strong>Sed</strong></span> 
     </span>
     <span class='ocr_line' id='line_1_10' title="bbox 928 1628 3184 1717; baseline 0.002 -23"><span class='ocrx_word' id='word_1_69' title='bbox 928 1628 1286 1695; x_wconf 85' lang='lat' dir='ltr'><strong>fatendum</strong></span> <span class='ocrx_word' id='word_1_70' title='bbox 1329 1635 1434 1694; x_wconf 90' lang='lat' dir='ltr'><strong>est</strong></span> <span class='ocrx_word' id='word_1_71' title='bbox 1467 1647 1602 1695; x_wconf 92' lang='lat' dir='ltr'><strong>non</strong></span> <span class='ocrx_word' id='word_1_72' title='bbox 1638 1630 1935 1695; x_wconf 85' lang='lat' dir='ltr'><strong>absurde</strong></span> <span class='ocrx_word' id='word_1_73' title='bbox 1967 1632 2350 1696; x_wconf 89' lang='lat' dir='ltr'><strong>Fontanum</strong></span> <span class='ocrx_word' id='word_1_74' title='bbox 2385 1631 2759 1715; x_wconf 87' lang='lat' dir='ltr'><strong>indignari,</strong></span> <span class='ocrx_word' id='word_1_75' title='bbox 2804 1633 2984 1716; x_wconf 92' lang='lat' dir='ltr'><strong>quod</strong></span> <span class='ocrx_word' id='word_1_76' title='bbox 3021 1650 3184 1717; x_wconf 90' lang='lat' dir='ltr'><strong>poe-</strong></span> 
     </span>
     <span class='ocr_line' id='line_1_11' title="bbox 925 1741 3186 1832; baseline 0.001 -24"><span class='ocrx_word' id='word_1_77' title='bbox 925 1741 1138 1808; x_wconf 86' lang='lat' dir='ltr'><strong>ticam</strong></span> <span class='ocrx_word' id='word_1_78' title='bbox 1181 1741 1445 1825; x_wconf 84' lang='lat' dir='ltr'><strong>linguae</strong></span> <span class='ocrx_word' id='word_1_79' title='bbox 1497 1742 2060 1808; x_wconf 86' lang='lat' dir='ltr'><strong>consuetudinem</strong></span> <span class='ocrx_word' id='word_1_80' title='bbox 2088 1761 2130 1808; x_wconf 92' lang='lat' dir='ltr'><strong>a</strong></span> <span class='ocrx_word' id='word_1_81' title='bbox 2179 1743 2390 1826; x_wconf 88' lang='lat' dir='ltr'><strong>vulgo</strong></span> <span class='ocrx_word' id='word_1_82' title='bbox 2425 1743 2731 1810; x_wconf 87' lang='lat' dir='ltr'><strong>alienare</strong></span> <span class='ocrx_word' id='word_1_83' title='bbox 2764 1742 2846 1832; x_wconf 80' lang='lat'><strong>(2)</strong></span> <span class='ocrx_word' id='word_1_84' title='bbox 2883 1744 3186 1812; x_wconf 88' lang='lat' dir='ltr'><strong>Bellaius</strong></span> 
     </span>
     <span class='ocr_line' id='line_1_12' title="bbox 931 1854 3179 1939; baseline 0.002 -19"><span class='ocrx_word' id='word_1_85' title='bbox 931 1855 1123 1936; x_wconf 88' lang='lat' dir='ltr'><strong>velit,</strong></span> <span class='ocrx_word' id='word_1_86' title='bbox 1167 1858 1241 1921; x_wconf 89' lang='lat' dir='ltr'><strong>ut</strong></span> <span class='ocrx_word' id='word_1_87' title='bbox 1285 1854 1506 1921; x_wconf 91' lang='lat' dir='ltr'><strong>doctis</strong></span> <span class='ocrx_word' id='word_1_88' title='bbox 1552 1855 1758 1920; x_wconf 88' lang='lat' dir='ltr'><strong>modo</strong></span> <span class='ocrx_word' id='word_1_89' title='bbox 1803 1855 2226 1939; x_wconf 86' lang='lat' dir='ltr'><strong>eruditisque</strong></span> <span class='ocrx_word' id='word_1_90' title='bbox 2274 1857 2556 1923; x_wconf 88' lang='lat' dir='ltr'><strong>auribus</strong></span> <span class='ocrx_word' id='word_1_91' title='bbox 2601 1858 3179 1925; x_wconf 83' lang='lat' dir='ltr'><strong>accommodetur.</strong></span> 
     </span>
    </p>

    <p class='ocr_par' dir='ltr' id='par_1_3' title="bbox 920 1970 3194 3878">
     <span class='ocr_line' id='line_1_13' title="bbox 1020 1970 3187 2055; baseline 0 -18"><span class='ocrx_word' id='word_1_92' title='bbox 1020 1973 1361 2047; x_wconf 86' lang='lat' dir='ltr'><strong>Quantum</strong></span> <span class='ocrx_word' id='word_1_93' title='bbox 1395 1970 1481 2035; x_wconf 92' lang='lat' dir='ltr'><strong>ad</strong></span> <span class='ocrx_word' id='word_1_94' title='bbox 1516 1988 1698 2035; x_wconf 88' lang='lat' dir='ltr'><strong>nova</strong></span> <span class='ocrx_word' id='word_1_95' title='bbox 1727 1971 1958 2055; x_wconf 90' lang='lat' dir='ltr'><strong>poesis</strong></span> <span class='ocrx_word' id='word_1_96' title='bbox 1986 1989 2250 2055; x_wconf 87' lang='lat' dir='ltr'><strong>genera</strong></span> <span class='ocrx_word' id='word_1_97' title='bbox 2283 1972 2548 2052; x_wconf 84' lang='lat' dir='ltr'><strong>attinet,</strong></span> <span class='ocrx_word' id='word_1_98' title='bbox 2586 1972 2923 2039; x_wconf 91' lang='lat' dir='ltr'><strong>Bellaium</strong></span> <span class='ocrx_word' id='word_1_99' title='bbox 2944 1991 3187 2040; x_wconf 89' lang='lat' dir='ltr'><strong>censor</strong></span> 
     </span>
     <span class='ocr_line' id='line_1_14' title="bbox 928 2084 3188 2173; baseline 0.001 -23"><span class='ocrx_word' id='word_1_100' title='bbox 928 2084 1201 2151; x_wconf 88' lang='lat' dir='ltr'><strong>incusat</strong></span> <span class='ocrx_word' id='word_1_101' title='bbox 1253 2084 1434 2167; x_wconf 92' lang='lat' dir='ltr'><strong>quod</strong></span> <span class='ocrx_word' id='word_1_102' title='bbox 1489 2101 1716 2150; x_wconf 91' lang='lat' dir='ltr'><strong>mores</strong></span> <span class='ocrx_word' id='word_1_103' title='bbox 1768 2102 1811 2149; x_wconf 87' lang='lat' dir='ltr'><strong>a</strong></span> <span class='ocrx_word' id='word_1_104' title='bbox 1857 2085 2234 2168; x_wconf 89' lang='lat' dir='ltr'><strong>majoribus</strong></span> <span class='ocrx_word' id='word_1_105' title='bbox 2282 2085 2569 2152; x_wconf 91' lang='lat' dir='ltr'><strong>traditos</strong></span> <span class='ocrx_word' id='word_1_106' title='bbox 2610 2086 2949 2173; x_wconf 89' lang='lat' dir='ltr'><strong>repudiet,</strong></span> <span class='ocrx_word' id='word_1_107' title='bbox 3005 2088 3188 2171; x_wconf 88' lang='lat' dir='ltr'><strong>prio·-</strong></span> 
     </span>
     <span class='ocr_line' id='line_1_15' title="bbox 930 2182 3188 2283; baseline 0.001 -20"><span class='ocrx_word' id='word_1_108' title='bbox 930 2215 1220 2280; x_wconf 86' lang='lat' dir='ltr'><strong>rumque</strong></span> <span class='ocrx_word' id='word_1_109' title='bbox 1271 2199 1508 2262; x_wconf 85' lang='lat' dir='ltr'><strong>vatum</strong></span> <span class='ocrx_word' id='word_1_110' title='bbox 1545 2214 1758 2282; x_wconf 87' lang='lat' dir='ltr'><strong>opera</strong></span> <span class='ocrx_word' id='word_1_111' title='bbox 1802 2196 2238 2281; x_wconf 84' lang='lat' dir='ltr'><strong>dedignetur.</strong></span> <span class='ocrx_word' id='word_1_112' title='bbox 2304 2219 2336 2260; x_wconf 77' lang='grc' dir='ltr'><strong>(ι</strong></span> <span class='ocrx_word' id='word_1_113' title='bbox 2389 2182 2510 2264; x_wconf 73' lang='lat' dir='ltr'><strong>Tu=</strong></span> <span class='ocrx_word' id='word_1_114' title='bbox 2543 2216 2827 2265; x_wconf 86' lang='lat' dir='ltr'><strong>accuses</strong></span> <span class='ocrx_word' id='word_1_115' title='bbox 2882 2201 2925 2265; x_wconf 76' lang='lat' dir='ltr'><strong>a</strong></span> <span class='ocrx_word' id='word_1_116' title='bbox 2966 2199 3188 2283; x_wconf 84' lang='lat' dir='ltr'><strong>grand</strong></span> 
     </span>
     <span class='ocr_line' id='line_1_16' title="bbox 925 2311 3190 2399; baseline 0 -19"><span class='ocrx_word' id='word_1_117' title='bbox 925 2317 1064 2381; x_wconf 89' lang='lat' dir='ltr'><strong>tort</strong></span> <span class='ocrx_word' id='word_1_118' title='bbox 1108 2316 1177 2379; x_wconf 90' lang='lat' dir='ltr'><strong>et</strong></span> <span class='ocrx_word' id='word_1_119' title='bbox 1221 2316 1364 2379; x_wconf 87' lang='lat' dir='ltr'><strong>tres</strong></span> <span class='ocrx_word' id='word_1_120' title='bbox 1410 2312 1876 2396; x_wconf 86' lang='lat' dir='ltr'><strong>ingratement</strong></span> <span class='ocrx_word' id='word_1_121' title='bbox 1921 2311 2349 2396; x_wconf 88' lang='lat' dir='ltr'><strong>l&#39;ignorance</strong></span> <span class='ocrx_word' id='word_1_122' title='bbox 2388 2313 2474 2380; x_wconf 92' lang='lat' dir='ltr'><strong>de</strong></span> <span class='ocrx_word' id='word_1_123' title='bbox 2520 2331 2649 2380; x_wconf 91' lang='lat' dir='ltr'><strong>nos</strong></span> <span class='ocrx_word' id='word_1_124' title='bbox 2690 2315 3018 2399; x_wconf 87' lang='lat' dir='ltr'><strong>majeurs,</strong></span> <span class='ocrx_word' id='word_1_125' title='bbox 3054 2313 3190 2380; x_wconf 91' lang='lat' dir='ltr'><strong>les·-</strong></span> 
     </span>
     <span class='ocr_line' id='line_1_17' title="bbox 928 2423 3190 2512; baseline 0.001 -22"><span class='ocrx_word' id='word_1_126' title='bbox 928 2424 1124 2510; x_wconf 90' lang='lat' dir='ltr'><strong>quels</strong></span> <span class='ocrx_word' id='word_1_127' title='bbox 1171 2425 1364 2490; x_wconf 92' lang='lat' dir='ltr'><strong>n&#39;ont</strong></span> <span class='ocrx_word' id='word_1_128' title='bbox 1412 2423 1555 2491; x_wconf 76' lang='lat' dir='ltr'><strong>este</strong></span> <span class='ocrx_word' id='word_1_129' title='bbox 1598 2443 1686 2490; x_wconf 88' lang='lat' dir='ltr'><strong>ne</strong></span> <span class='ocrx_word' id='word_1_130' title='bbox 1727 2424 2011 2509; x_wconf 90' lang='lat' dir='ltr'><strong>simples</strong></span> <span class='ocrx_word' id='word_1_131' title='bbox 2050 2424 2453 2508; x_wconf 88' lang='lat' dir='ltr'><strong>n&#39;ignorans</strong></span> <span class='ocrx_word' id='word_1_132' title='bbox 2490 2444 2585 2510; x_wconf 92' lang='lat' dir='ltr'><strong>ny</strong></span> <span class='ocrx_word' id='word_1_133' title='bbox 2626 2426 2748 2492; x_wconf 91' lang='lat' dir='ltr'><strong>des</strong></span> <span class='ocrx_word' id='word_1_134' title='bbox 2791 2426 3059 2509; x_wconf 81' lang='lat' dir='ltr'><strong>choseS‚</strong></span> <span class='ocrx_word' id='word_1_135' title='bbox 3098 2445 3190 2512; x_wconf 86' lang='lat' dir='ltr'><strong>ny</strong></span> 
     </span>
     <span class='ocr_line' id='line_1_18' title="bbox 930 2537 3186 2623; baseline 0 -19"><span class='ocrx_word' id='word_1_136' title='bbox 930 2539 1053 2605; x_wconf 92' lang='lat' dir='ltr'><strong>des</strong></span> <span class='ocrx_word' id='word_1_137' title='bbox 1079 2537 1403 2623; x_wconf 88' lang='lat' dir='ltr'><strong>parolles.</strong></span> <span class='ocrx_word' id='word_1_138' title='bbox 1435 2538 1642 2606; x_wconf 90' lang='lat' dir='ltr'><strong>Guill.</strong></span> <span class='ocrx_word' id='word_1_139' title='bbox 1673 2538 1759 2605; x_wconf 89' lang='lat' dir='ltr'><strong>de</strong></span> <span class='ocrx_word' id='word_1_140' title='bbox 1783 2538 2049 2620; x_wconf 78' lang='lat' dir='ltr'><strong>LauriS,</strong></span> <span class='ocrx_word' id='word_1_141' title='bbox 2076 2540 2248 2604; x_wconf 90' lang='lat' dir='ltr'><strong>Jean</strong></span> <span class='ocrx_word' id='word_1_142' title='bbox 2270 2539 2354 2604; x_wconf 93' lang='lat' dir='ltr'><strong>de</strong></span> <span class='ocrx_word' id='word_1_143' title='bbox 2383 2541 2663 2623; x_wconf 89' lang='lat' dir='ltr'><strong>Meung,</strong></span> <span class='ocrx_word' id='word_1_144' title='bbox 2687 2539 2894 2606; x_wconf 89' lang='lat' dir='ltr'><strong>Guill.</strong></span> <span class='ocrx_word' id='word_1_145' title='bbox 2929 2539 3186 2621; x_wconf 85' lang='lat' dir='ltr'><strong>Alexis,</strong></span> 
     </span>
     <span class='ocr_line' id='line_1_19' title="bbox 920 2652 3192 2735; baseline 0.001 -17"><span class='ocrx_word' id='word_1_146' title='bbox 920 2652 996 2719; x_wconf 25' lang='lat' dir='ltr'><strong>fle</strong></span> <span class='ocrx_word' id='word_1_147' title='bbox 1046 2654 1182 2719; x_wconf 90' lang='lat' dir='ltr'><strong>bon</strong></span> <span class='ocrx_word' id='word_1_148' title='bbox 1230 2653 1462 2720; x_wconf 90' lang='lat' dir='ltr'><strong>moine</strong></span> <span class='ocrx_word' id='word_1_149' title='bbox 1514 2654 1600 2719; x_wconf 89' lang='lat' dir='ltr'><strong>de</strong></span> <span class='ocrx_word' id='word_1_150' title='bbox 1658 2654 1899 2735; x_wconf 88' lang='lat' dir='ltr'><strong>L&#39;Yre,</strong></span> <span class='ocrx_word' id='word_1_151' title='bbox 1956 2653 2243 2719; x_wconf 87' lang='lat' dir='ltr'><strong>Messire</strong></span> <span class='ocrx_word' id='word_1_152' title='bbox 2309 2652 2587 2719; x_wconf 91' lang='lat' dir='ltr'><strong>Nicolas</strong></span> <span class='ocrx_word' id='word_1_153' title='bbox 2648 2654 2920 2735; x_wconf 90' lang='lat' dir='ltr'><strong>Oreme,</strong></span> <span class='ocrx_word' id='word_1_154' title='bbox 2989 2654 3192 2720; x_wconf 87' lang='lat' dir='ltr'><strong>Alain</strong></span> 
     </span>
     <span class='ocr_line' id='line_1_20' title="bbox 929 2767 3192 2854; baseline 0 -20"><span class='ocrx_word' id='word_1_155' title='bbox 929 2767 1267 2849; x_wconf 88' lang='lat' dir='ltr'><strong>Chartier,</strong></span> <span class='ocrx_word' id='word_1_156' title='bbox 1312 2767 1569 2848; x_wconf 90' lang='lat' dir='ltr'><strong>Villon,</strong></span> <span class='ocrx_word' id='word_1_157' title='bbox 1619 2767 2004 2833; x_wconf 91' lang='lat' dir='ltr'><strong>Meschinot</strong></span> <span class='ocrx_word' id='word_1_158' title='bbox 2048 2770 2116 2833; x_wconf 90' lang='lat' dir='ltr'><strong>et</strong></span> <span class='ocrx_word' id='word_1_159' title='bbox 2165 2767 2510 2852; x_wconf 86' lang='lat' dir='ltr'><strong>plusieurs</strong></span> <span class='ocrx_word' id='word_1_160' title='bbox 2558 2771 2791 2835; x_wconf 87' lang='lat' dir='ltr'><strong>autres</strong></span> <span class='ocrx_word' id='word_1_161' title='bbox 2831 2768 3024 2834; x_wconf 87' lang='lat' dir='ltr'><strong>n&#39;ont</strong></span> <span class='ocrx_word' id='word_1_162' title='bbox 3069 2785 3192 2854; x_wconf 86' lang='lat' dir='ltr'><strong>pas</strong></span> 
     </span>
     <span class='ocr_line' id='line_1_21' title="bbox 930 2881 3193 2971; baseline 0 -24"><span class='ocrx_word' id='word_1_163' title='bbox 930 2882 1157 2948; x_wconf 92' lang='lat' dir='ltr'><strong>moins</strong></span> <span class='ocrx_word' id='word_1_164' title='bbox 1193 2883 1350 2949; x_wconf 88' lang='lat' dir='ltr'><strong>bien</strong></span> <span class='ocrx_word' id='word_1_165' title='bbox 1399 2883 1606 2949; x_wconf 90' lang='lat' dir='ltr'><strong>escrit</strong></span> <span class='ocrx_word' id='word_1_166' title='bbox 1643 2900 1731 2948; x_wconf 87' lang='lat' dir='ltr'><strong>en</strong></span> <span class='ocrx_word' id='word_1_167' title='bbox 1768 2881 1838 2947; x_wconf 93' lang='lat' dir='ltr'><strong>la</strong></span> <span class='ocrx_word' id='word_1_168' title='bbox 1875 2881 2130 2966; x_wconf 87' lang='lat' dir='ltr'><strong>langue</strong></span> <span class='ocrx_word' id='word_1_169' title='bbox 2169 2882 2254 2947; x_wconf 91' lang='lat' dir='ltr'><strong>de</strong></span> <span class='ocrx_word' id='word_1_170' title='bbox 2302 2881 2454 2948; x_wconf 91' lang='lat' dir='ltr'><strong>leur</strong></span> <span class='ocrx_word' id='word_1_171' title='bbox 2487 2885 2710 2971; x_wconf 91' lang='lat' dir='ltr'><strong>temps</strong></span> <span class='ocrx_word' id='word_1_172' title='bbox 2763 2900 2895 2967; x_wconf 90' lang='lat' dir='ltr'><strong>que</strong></span> <span class='ocrx_word' id='word_1_173' title='bbox 2931 2899 3105 2948; x_wconf 89' lang='lat' dir='ltr'><strong>nous</strong></span> <span class='ocrx_word' id='word_1_174' title='bbox 3149 2900 3193 2947; x_wconf 92' lang='lat' dir='ltr'><strong>a</strong></span> 
     </span>
     <span class='ocr_line' id='line_1_22' title="bbox 932 2994 3190 3082; baseline -0.001 -20"><span class='ocrx_word' id='word_1_175' title='bbox 932 3000 1211 3081; x_wconf 88' lang='lat' dir='ltr'><strong>present</strong></span> <span class='ocrx_word' id='word_1_176' title='bbox 1229 3015 1317 3062; x_wconf 91' lang='lat' dir='ltr'><strong>en</strong></span> <span class='ocrx_word' id='word_1_177' title='bbox 1341 2997 1410 3061; x_wconf 78' lang='lat' dir='ltr'><strong>la</strong></span> <span class='ocrx_word' id='word_1_178' title='bbox 1435 2999 1725 3062; x_wconf 86' lang='lat' dir='ltr'><strong>nostre»</strong></span> <span class='ocrx_word' id='word_1_179' title='bbox 1756 2994 1866 3082; x_wconf 89' lang='lat'>(3).</span> <span class='ocrx_word' id='word_1_180' title='bbox 1902 2994 2223 3070; x_wconf 86' lang='lat' dir='ltr'><strong>Queritur</strong></span> <span class='ocrx_word' id='word_1_181' title='bbox 2248 2995 2496 3061; x_wconf 90' lang='lat' dir='ltr'><strong>deinde</strong></span> <span class='ocrx_word' id='word_1_182' title='bbox 2528 2995 2709 3079; x_wconf 88' lang='lat' dir='ltr'><strong>quod</strong></span> <span class='ocrx_word' id='word_1_183' title='bbox 2741 2994 3190 3080; x_wconf 87' lang='lat' dir='ltr'><strong>epistularum</strong></span> 
     </span>
     <span class='ocr_line' id='line_1_23' title="bbox 931 3106 3192 3195; baseline -0.002 -20"><span class='ocrx_word' id='word_1_184' title='bbox 931 3127 1156 3193; x_wconf 90' lang='lat' dir='ltr'><strong>genus</strong></span> <span class='ocrx_word' id='word_1_185' title='bbox 1203 3108 1504 3175; x_wconf 90' lang='lat' dir='ltr'><strong>Bellaius</strong></span> <span class='ocrx_word' id='word_1_186' title='bbox 1546 3108 1807 3175; x_wconf 82' lang='lat' dir='ltr'><strong>fastidit</strong></span> <span class='ocrx_word' id='word_1_187' title='bbox 1842 3106 1961 3195; x_wconf 85' lang='lat'>(4);</span> <span class='ocrx_word' id='word_1_188' title='bbox 2023 3107 2261 3192; x_wconf 83' lang='lat' dir='ltr'><strong>elegos</strong></span> <span class='ocrx_word' id='word_1_189' title='bbox 2314 3109 2576 3189; x_wconf 90' lang='lat' dir='ltr'><strong>contra,</strong></span> <span class='ocrx_word' id='word_1_190' title='bbox 2628 3125 2801 3192; x_wconf 89' lang='lat' dir='ltr'><strong>quos</strong></span> <span class='ocrx_word' id='word_1_191' title='bbox 2847 3106 2960 3173; x_wconf 88' lang='lat' dir='ltr'><strong>hic</strong></span> <span class='ocrx_word' id='word_1_192' title='bbox 3006 3125 3192 3174; x_wconf 90' lang='lat' dir='ltr'><strong>com-</strong></span> 
     </span>
     <span class='ocr_line' id='line_1_24' title="bbox 933 3220 3194 3306; baseline -0.001 -17"><span class='ocrx_word' id='word_1_193' title='bbox 933 3224 1403 3304; x_wconf 86' lang='lat' dir='ltr'><strong>mendaverat,</strong></span> <span class='ocrx_word' id='word_1_194' title='bbox 1451 3224 1538 3289; x_wconf 94' lang='lat' dir='ltr'><strong>ob</strong></span> <span class='ocrx_word' id='word_1_195' title='bbox 1580 3223 1760 3289; x_wconf 91' lang='lat' dir='ltr'><strong>hanc</strong></span> <span class='ocrx_word' id='word_1_196' title='bbox 1803 3239 2081 3289; x_wconf 87' lang='lat' dir='ltr'><strong>causam</strong></span> <span class='ocrx_word' id='word_1_197' title='bbox 2115 3221 2386 3288; x_wconf 83' lang='lat' dir='ltr'><strong>excludi</strong></span> <span class='ocrx_word' id='word_1_198' title='bbox 2423 3221 2593 3303; x_wconf 86' lang='lat' dir='ltr'><strong>vult,</strong></span> <span class='ocrx_word' id='word_1_199' title='bbox 2627 3221 2808 3306; x_wconf 93' lang='lat' dir='ltr'><strong>quod</strong></span> <span class='ocrx_word' id='word_1_200' title='bbox 2850 3221 3044 3288; x_wconf 85' lang='lat' dir='ltr'><strong>nulla</strong></span> <span class='ocrx_word' id='word_1_201' title='bbox 3087 3220 3194 3287; x_wconf 82' lang='lat' dir='ltr'><strong>vis</strong></span> 
     </span>
     <span class='ocr_line' id='line_1_25' title="bbox 935 3333 3190 3422; baseline 0 -22"><span class='ocrx_word' id='word_1_202' title='bbox 935 3334 1007 3400; x_wconf 91' lang='lat' dir='ltr'><strong>in</strong></span> <span class='ocrx_word' id='word_1_203' title='bbox 1041 3334 1128 3401; x_wconf 91' lang='lat' dir='ltr'><strong>iis</strong></span> <span class='ocrx_word' id='word_1_204' title='bbox 1166 3336 1278 3417; x_wconf 90' lang='lat' dir='ltr'><strong>sit,</strong></span> <span class='ocrx_word' id='word_1_205' title='bbox 1323 3335 1458 3402; x_wconf 90' lang='lat' dir='ltr'><strong>nisi</strong></span> <span class='ocrx_word' id='word_1_206' title='bbox 1493 3339 1567 3402; x_wconf 89' lang='lat' dir='ltr'><strong>ut</strong></span> <span class='ocrx_word' id='word_1_207' title='bbox 1603 3336 1918 3420; x_wconf 88' lang='lat' dir='ltr'><strong>legentes</strong></span> <span class='ocrx_word' id='word_1_208' title='bbox 1964 3335 2287 3401; x_wconf 84' lang='lat' dir='ltr'><strong>maestitia</strong></span> <span class='ocrx_word' id='word_1_209' title='bbox 2327 3333 2634 3401; x_wconf 88' lang='lat' dir='ltr'><strong>afficiant</strong></span> <span class='ocrx_word' id='word_1_210' title='bbox 2661 3335 2790 3422; x_wconf 84' lang='lat'>(5);</span> <span class='ocrx_word' id='word_1_211' title='bbox 2843 3335 2979 3401; x_wconf 92' lang='lat' dir='ltr'><strong>oda</strong></span> <span class='ocrx_word' id='word_1_212' title='bbox 3026 3353 3190 3401; x_wconf 90' lang='lat' dir='ltr'><strong>vero</strong></span> 
     </span>
     <span class='ocr_line' id='line_1_26' title="bbox 935 3447 3193 3534; baseline -0.001 -19"><span class='ocrx_word' id='word_1_213' title='bbox 935 3449 1204 3515; x_wconf 90' lang='lat' dir='ltr'><strong>nullum</strong></span> <span class='ocrx_word' id='word_1_214' title='bbox 1254 3467 1428 3534; x_wconf 90' lang='lat' dir='ltr'><strong>opus</strong></span> <span class='ocrx_word' id='word_1_215' title='bbox 1479 3467 1631 3515; x_wconf 87' lang='lat' dir='ltr'><strong>esse</strong></span> <span class='ocrx_word' id='word_1_216' title='bbox 1682 3448 2058 3526; x_wconf 87' lang='lat' dir='ltr'><strong>contendit,</strong></span> <span class='ocrx_word' id='word_1_217' title='bbox 2116 3449 2310 3532; x_wconf 80' lang='lat' dir='ltr'><strong>cujus</strong></span> <span class='ocrx_word' id='word_1_218' title='bbox 2373 3447 2596 3514; x_wconf 89' lang='lat' dir='ltr'><strong>vicem</strong></span> <span class='ocrx_word' id='word_1_219' title='bbox 2652 3448 2833 3533; x_wconf 90' lang='lat' dir='ltr'><strong>apud</strong></span> <span class='ocrx_word' id='word_1_220' title='bbox 2897 3448 3193 3532; x_wconf 86' lang='lat' dir='ltr'><strong>majores</strong></span> 
     </span>
     <span class='ocr_line' id='line_1_27' title="bbox 936 3559 3193 3647; baseline -0 -20"><span class='ocrx_word' id='word_1_221' title='bbox 936 3564 1208 3628; x_wconf 90' lang='lat' dir='ltr'><strong>nostros</strong></span> <span class='ocrx_word' id='word_1_222' title='bbox 1242 3562 1623 3629; x_wconf 89' lang='lat' dir='ltr'><strong>rectissime</strong></span> <span class='ocrx_word' id='word_1_223' title='bbox 1652 3562 2000 3628; x_wconf 81' lang='lat' dir='ltr'><strong>cantilena</strong></span> <span class='ocrx_word' id='word_1_224' title='bbox 2026 3560 2417 3646; x_wconf 88' lang='lat' dir='ltr'><strong>impleverit</strong></span> <span class='ocrx_word' id='word_1_225' title='bbox 2437 3559 2523 3646; x_wconf 90' lang='lat'><strong>(6)</strong></span> <span class='ocrx_word' id='word_1_226' title='bbox 2552 3580 2568 3647; x_wconf 80' lang='lat'>3</span> <span class='ocrx_word' id='word_1_227' title='bbox 2606 3561 2874 3628; x_wconf 77' lang='lat' dir='ltr'><strong>sonetta</strong></span> <span class='ocrx_word' id='word_1_228' title='bbox 2898 3560 3193 3643; x_wconf 90' lang='lat' dir='ltr'><strong>denique</strong></span> 
     </span>
     <span class='ocr_line' id='line_1_28' title="bbox 938 3671 3194 3759; baseline -0.002 -19"><span class='ocrx_word' id='word_1_229' title='bbox 938 3673 1197 3740; x_wconf 89' lang='lat' dir='ltr'><strong>nullius</strong></span> <span class='ocrx_word' id='word_1_230' title='bbox 1243 3674 1444 3759; x_wconf 89' lang='lat' dir='ltr'><strong>pretii</strong></span> <span class='ocrx_word' id='word_1_231' title='bbox 1488 3692 1641 3741; x_wconf 86' lang='lat' dir='ltr'><strong>esse</strong></span> <span class='ocrx_word' id='word_1_232' title='bbox 1680 3673 2006 3756; x_wconf 84' lang='lat' dir='ltr'><strong>affirmat,</strong></span> <span class='ocrx_word' id='word_1_233' title='bbox 2052 3673 2233 3757; x_wconf 90' lang='lat' dir='ltr'><strong>quod</strong></span> <span class='ocrx_word' id='word_1_234' title='bbox 2278 3671 2591 3739; x_wconf 85' lang='lat' dir='ltr'><strong>faciliora</strong></span> <span class='ocrx_word' id='word_1_235' title='bbox 2631 3675 2892 3739; x_wconf 85' lang='lat' dir='ltr'><strong>suntet</strong></span> <span class='ocrx_word' id='word_1_236' title='bbox 2933 3672 3005 3737; x_wconf 90' lang='lat' dir='ltr'><strong>in</strong></span> <span class='ocrx_word' id='word_1_237' title='bbox 3049 3689 3194 3737; x_wconf 90' lang='lat' dir='ltr'><strong>me·</strong></span> 
     </span>
     <span class='ocr_line' id='line_1_29' title="bbox 939 3786 2340 3878; baseline -0.001 -23"><span class='ocrx_word' id='word_1_238' title='bbox 939 3789 1277 3856; x_wconf 91' lang='lat' dir='ltr'><strong>diocrium</strong></span> <span class='ocrx_word' id='word_1_239' title='bbox 1310 3794 1669 3878; x_wconf 81' lang='lat' dir='ltr'><strong>poetarum</strong></span> <span class='ocrx_word' id='word_1_240' title='bbox 1702 3792 1922 3855; x_wconf 86' lang='lat' dir='ltr'><strong>artem</strong></span> <span class='ocrx_word' id='word_1_241' title='bbox 1954 3788 2206 3855; x_wconf 88' lang='lat' dir='ltr'><strong>cadunt</strong></span> <span class='ocrx_word' id='word_1_242' title='bbox 2229 3786 2340 3873; x_wconf 83' lang='lat'><strong>(7).</strong></span> 
     </span>
    </p>
   </div>
   <div class='ocr_carea' id='block_1_3' title="bbox 939 3969 1281 3979">
    <p class='ocr_par' dir='ltr' id='par_1_4' title="bbox 939 3969 1281 3979">
     <span class='ocr_line' id='line_1_30' title="bbox 939 3969 1281 3979; baseline 0 0"><span class='ocrx_word' id='word_1_243' title='bbox 939 3969 1281 3979; x_wconf 95' lang='lat' dir='ltr'><strong> </strong></span> 
     </span>
    </p>
   </div>
   <div class='ocr_carea' id='block_1_4' title="bbox 2997 4044 3008 4051">
    <p class='ocr_par' dir='ltr' id='par_1_5' title="bbox 2997 4044 3008 4051">
     <span class='ocr_line' id='line_1_31' title="bbox 2997 4044 3008 4051; baseline 0 0"><span class='ocrx_word' id='word_1_244' title='bbox 2997 4044 3008 4051; x_wconf 68' lang='lat'><strong><em>⁴</em></strong></span> 
     </span>
    </p>
   </div>
   <div class='ocr_carea' id='block_1_5' title="bbox 991 4079 3192 4528">
    <p class='ocr_par' dir='ltr' id='par_1_6' title="bbox 993 4079 3192 4217">
     <span class='ocr_line' id='line_1_32' title="bbox 996 4079 3192 4139; baseline -0.001 -12"><span class='ocrx_word' id='word_1_245' title='bbox 996 4083 1062 4138; x_wconf 82' lang='lat' dir='ltr'><strong>(l)</strong></span> <span class='ocrx_word' id='word_1_246' title='bbox 1078 4098 1103 4121; x_wconf 78' lang='grc' dir='ltr'><strong>α</strong></span> <span class='ocrx_word' id='word_1_247' title='bbox 1123 4081 1301 4126; x_wconf 82' lang='lat' dir='ltr'><strong>Est—ce</strong></span> <span class='ocrx_word' id='word_1_248' title='bbox 1321 4081 1367 4127; x_wconf 79' lang='lat' dir='ltr'><strong>la</strong></span> <span class='ocrx_word' id='word_1_249' title='bbox 1392 4082 1610 4126; x_wconf 79' lang='lat' dir='ltr'><strong>deffense</strong></span> <span class='ocrx_word' id='word_1_250' title='bbox 1630 4084 1679 4126; x_wconf 84' lang='lat' dir='ltr'><strong>et</strong></span> <span class='ocrx_word' id='word_1_251' title='bbox 1699 4083 2000 4128; x_wconf 69' lang='lat' dir='ltr'><strong>illustration</strong></span> <span class='ocrx_word' id='word_1_252' title='bbox 2017 4094 2080 4127; x_wconf 91' lang='lat' dir='ltr'><strong>ou</strong></span> <span class='ocrx_word' id='word_1_253' title='bbox 2096 4082 2210 4139; x_wconf 83' lang='lat' dir='ltr'><strong>plus</strong></span> <span class='ocrx_word' id='word_1_254' title='bbox 2229 4084 2330 4126; x_wconf 82' lang='lat' dir='ltr'><strong>tost</strong></span> <span class='ocrx_word' id='word_1_255' title='bbox 2346 4082 2532 4126; x_wconf 76' lang='lat' dir='ltr'><strong>offense</strong></span> <span class='ocrx_word' id='word_1_256' title='bbox 2548 4083 2599 4126; x_wconf 83' lang='lat' dir='ltr'><strong>et</strong></span> <span class='ocrx_word' id='word_1_257' title='bbox 2616 4080 2926 4136; x_wconf 80' lang='lat' dir='ltr'><strong>denigration</strong></span> <span class='ocrx_word' id='word_1_258' title='bbox 2938 4080 2964 4125; x_wconf 69' lang='grc' dir='ltr'><strong>’ἒ</strong></span> <span class='ocrx_word' id='word_1_259' title='bbox 2983 4095 3007 4119; x_wconf 72' lang='lat' dir='ltr'><strong>n</strong></span> <span class='ocrx_word' id='word_1_260' title='bbox 3024 4082 3037 4136; x_wconf 92' lang='lat'>(</span> <span class='ocrx_word' id='word_1_261' title='bbox 3044 4091 3092 4138; x_wconf 85' lang='lat' dir='ltr'><strong>p.</strong></span> <span class='ocrx_word' id='word_1_262' title='bbox 3105 4079 3192 4132; x_wconf 64' lang='lat'><strong>88).</strong></span> 
     </span>
     <span class='ocr_line' id='line_1_33' title="bbox 993 4159 1713 4217; baseline 0.001 -12"><span class='ocrx_word' id='word_1_263' title='bbox 993 4161 1056 4215; x_wconf 75' lang='grc'><strong>(2)</strong></span> <span class='ocrx_word' id='word_1_264' title='bbox 1078 4177 1104 4200; x_wconf 80' lang='grc' dir='ltr'><strong>α</strong></span> <span class='ocrx_word' id='word_1_265' title='bbox 1124 4161 1390 4215; x_wconf 77' lang='lat' dir='ltr'><strong>Estranger</strong></span> <span class='ocrx_word' id='word_1_266' title='bbox 1414 4161 1461 4206; x_wconf 81' lang='lat' dir='ltr'><strong>la</strong></span> <span class='ocrx_word' id='word_1_267' title='bbox 1480 4159 1669 4217; x_wconf 73' lang='lat' dir='ltr'><strong>poesie.</strong></span> <span class='ocrx_word' id='word_1_268' title='bbox 1688 4176 1713 4200; x_wconf 71' lang='lat' dir='ltr'><strong>n</strong></span> 
     </span>
    </p>

    <p class='ocr_par' dir='ltr' id='par_1_7' title="bbox 991 4236 1213 4292">
     <span class='ocr_line' id='line_1_34' title="bbox 991 4236 1213 4292; baseline 0 -11"><span class='ocrx_word' id='word_1_269' title='bbox 991 4236 1051 4292; x_wconf 86' lang='grc'><strong>(3)</strong></span> <span class='ocrx_word' id='word_1_270' title='bbox 1073 4238 1126 4281; x_wconf 92' lang='grc' dir='ltr'><strong>Ρ.</strong></span> <span class='ocrx_word' id='word_1_271' title='bbox 1143 4238 1213 4283; x_wconf 80' lang='grc'><strong>87.</strong></span> 
     </span>
    </p>

    <p class='ocr_par' dir='ltr' id='par_1_8' title="bbox 991 4316 1245 4372">
     <span class='ocr_line' id='line_1_35' title="bbox 991 4316 1245 4372; baseline -0.008 -11"><span class='ocrx_word' id='word_1_272' title='bbox 991 4318 1054 4372; x_wconf 82' lang='grc'><strong>(4)</strong></span> <span class='ocrx_word' id='word_1_273' title='bbox 1076 4317 1127 4359; x_wconf 89' lang='grc' dir='ltr'><strong>Ρ.</strong></span> <span class='ocrx_word' id='word_1_274' title='bbox 1152 4316 1245 4360; x_wconf 74' lang='lat'><strong>102.</strong></span> 
     </span>
    </p>

    <p class='ocr_par' dir='ltr' id='par_1_9' title="bbox 993 4396 1244 4451">
     <span class='ocr_line' id='line_1_36' title="bbox 993 4396 1244 4451; baseline -0.004 -10"><span class='ocrx_word' id='word_1_275' title='bbox 993 4397 1057 4451; x_wconf 83' lang='grc'><strong>(5)</strong></span> <span class='ocrx_word' id='word_1_276' title='bbox 1076 4396 1128 4440; x_wconf 84' lang='grc' dir='ltr'><strong>Ρ.</strong></span> <span class='ocrx_word' id='word_1_277' title='bbox 1150 4396 1244 4441; x_wconf 80' lang='grc'><strong>103.</strong></span> 
     </span>
    </p>

    <p class='ocr_par' dir='ltr' id='par_1_10' title="bbox 993 4472 1240 4528">
     <span class='ocr_line' id='line_1_37' title="bbox 993 4472 1240 4528; baseline -0.012 -9"><span class='ocrx_word' id='word_1_278' title='bbox 993 4472 1055 4528; x_wconf 86' lang='grc'><strong>(6)</strong></span> <span class='ocrx_word' id='word_1_279' title='bbox 1073 4473 1126 4516; x_wconf 89' lang='grc' dir='ltr'><strong>Ρ.</strong></span> <span class='ocrx_word' id='word_1_280' title='bbox 1148 4473 1240 4518; x_wconf 91' lang='grc'><strong>100.</strong></span> 
     </span>
    </p>
   </div>
   <div class='ocr_carea' id='block_1_6' title="bbox 944 4548 3187 4673">
    <p class='ocr_par' dir='ltr' id='par_1_11' title="bbox 944 4548 3187 4673">
     <span class='ocr_line' id='line_1_38' title="bbox 995 4548 3187 4661; baseline -0.002 -65"><span class='ocrx_word' id='word_1_281' title='bbox 995 4552 1056 4606; x_wconf 81' lang='grc'><strong>(7)</strong></span> <span class='ocrx_word' id='word_1_282' title='bbox 1075 4551 1129 4661; x_wconf 75' lang='lat' dir='ltr'><strong>Pi</strong></span> <span class='ocrx_word' id='word_1_283' title='bbox 1156 4551 1247 4595; x_wconf 68' lang='lat'>104.</span> <span class='ocrx_word' id='word_1_284' title='bbox 1268 4566 1293 4590; x_wconf 80' lang='grc' dir='ltr'>ι</span> <span class='ocrx_word' id='word_1_285' title='bbox 1311 4550 1434 4595; x_wconf 76' lang='lat' dir='ltr'><strong>Vela</strong></span> <span class='ocrx_word' id='word_1_286' title='bbox 1453 4560 1549 4595; x_wconf 81' lang='lat' dir='ltr'><strong>nne</strong></span> <span class='ocrx_word' id='word_1_287' title='bbox 1567 4549 1718 4595; x_wconf 78' lang='lat' dir='ltr'><strong>bravo</strong></span> <span class='ocrx_word' id='word_1_288' title='bbox 1737 4549 1909 4606; x_wconf 79' lang='lat' dir='ltr'><strong>poesie</strong></span> <span class='ocrx_word' id='word_1_289' title='bbox 1929 4560 2052 4606; x_wconf 85' lang='lat' dir='ltr'><strong>pour</strong></span> <span class='ocrx_word' id='word_1_290' title='bbox 2065 4561 2128 4595; x_wconf 79' lang='lat' dir='ltr'><strong>cn</strong></span> <span class='ocrx_word' id='word_1_291' title='bbox 2147 4550 2413 4607; x_wconf 79' lang='lat' dir='ltr'><strong>mesprisor</strong></span> <span class='ocrx_word' id='word_1_292' title='bbox 2428 4553 2591 4595; x_wconf 78' lang='lat' dir='ltr'><strong>tontes</strong></span> <span class='ocrx_word' id='word_1_293' title='bbox 2607 4550 2682 4595; x_wconf 79' lang='lat' dir='ltr'><strong>les</strong></span> <span class='ocrx_word' id='word_1_294' title='bbox 2697 4551 2867 4595; x_wconf 73' lang='lat' dir='ltr'><strong>autres</strong></span> <span class='ocrx_word' id='word_1_295' title='bbox 2882 4548 3187 4594; x_wconf 78' lang='lat' dir='ltr'><strong>excellentes</strong></span> 
     </span>
     <span class='ocr_line' id='line_1_39' title="bbox 944 4620 1279 4673; baseline -0.012 -9"><span class='ocrx_word' id='word_1_296' title='bbox 944 4620 1109 4673; x_wconf 68' lang='lat' dir='ltr'><strong>franco</strong></span> <span class='ocrx_word' id='word_1_297' title='bbox 1133 4628 1233 4662; x_wconf 71' lang='lat' dir='ltr'><strong>nes.</strong></span> <span class='ocrx_word' id='word_1_298' title='bbox 1253 4632 1279 4655; x_wconf 72' lang='grc' dir='ltr'><strong>ι</strong></span> 
     </span>
    </p>
   </div>
  </div>
 </body>
</html>
