3561 5729
1698 1036 2065 1124 TERTIA
2128 1037 2394 1124 PARS

1273 1298 1342 1352 ut
1375 1298 1689 1365 νειιετΑιιι,
1723 1298 1998 1366 nausiam,
2034 1299 2280 1353 uuonan
2315 1299 2542 1354 Αιτιιιυε
2577 1299 2813 1355 turrinus

922 1533 1158 1587 Quamvis
1189 1533 1436 1578 Pelletarii
1464 1533 1568 1578 vite
1599 1534 1649 1577 in
1683 1534 1809 1579 duas
1837 1537 2003 1590 partes
2038 1536 2268 1581 distribui
2297 1536 2476 1592 possit,
2512 1547 2717 1592 quarum
2748 1548 2845 1581 una
2884 1537 2945 1582 ad
2977 1537 3171 1591 Μαΐου,

973 1599 1127 1644 altera
1161 1600 1223 1645 ad
1252 1600 1497 1644 Ronsardi
1524 1602 1744 1656 tempora
1778 1602 2030 1655 reseratur,
2069 1602 2185 1646 huic
2219 1604 2384 1646 tamen
2417 1603 2572 1646 multo
2610 1602 2777 1658 potius
2810 1603 2946 1647 Artis
2967 1602 3173 1658 poetico

977 1667 1188 1722 scriptor
1207 1679 1262 1711 se
1298 1668 1530 1724 applicat.
1551 1691 1605 1700 -
1622 1668 1862 1724 opusculi
1889 1670 2209 1714 summarium
2229 1684 2239 1712 ε
2261 1669 2322 1713 de
2344 1670 2540 1725 poetico
2567 1681 2809 1725 sermone,
2844 1671 3009 1715 omnia
3027 1682 3171 1725 nove,

977 1744 1084 1789 quae
1104 1734 1405 1779 recentiores
1426 1737 1582 1790 poetae
1614 1735 1665 1778 in
1698 1737 1917 1779 nostram
1946 1734 2162 1789 linguam
2189 1735 2501 1791 induxerant,
2533 1747 2727 1781 summa
2746 1736 3000 1789 diligentia
3020 1737 3176 1781 Pelle·

978 1798 1132 1841 tarius
1150 1801 1313 1843 tuetur
1337 1811 1395 1844 ac
1415 1799 1743 1844 commendat.
1770 1822 1826 1830 —
1843 1798 1915 1842 De
1934 1799 2104 1854 poesis
2126 1798 2401 1844 ornatibus.
2437 1823 2491 1832 —
2513 1801 2585 1844 De
2610 1801 2918 1845 diversorum
2942 1811 3173 1844 versuum

975 1875 1087 1908 usu.
1122 1889 1175 1897 -
1204 1866 1275 1910 De
1310 1866 1614 1911 carminibus
1644 1867 1931 1912 Latinorum
1951 1866 2048 1910 ritu
2070 1866 2303 1911 conditis,
2336 1891 2391 1899 —
2417 1868 2489 1912 De
2518 1868 2672 1913 variis
2693 1868 2862 1924 poesis
2882 1867 3173 1922 generibus:

977 1930 1192 1985 prlorum
1212 1934 1381 1976 vatum
1401 1936 1627 1988 poemata
1647 1933 1869 1977 funditus
1888 1934 2202 1988 respuuntur.
2222 1956 2276 1964 ——
2299 1934 2593 1979 Pelletarius
2618 1935 2836 1979 Pleiadis
2855 1945 2986 1990 speS,
3004 1934 3177 1979 volun-

977 1996 1122 2048 tates,
1144 1996 1354 2041 consilia
1380 1998 1625 2053 exprimit,
1658 1997 1745 2041 sed
1774 1998 2038 2052 antequam
2073 1997 2218 2040 finem
2245 1997 2309 2040 iis
2337 1997 2666 2053 imposuerint
2682 1998 2983 2043 recentiores
3001 2000 3175 2054 poetae.

924 2060 1210 2105 Ronsardus
1232 2063 1417 2106 nullam
1437 2063 1681 2118 poeticam
1706 2062 1946 2118 condidit,
1974 2064 2069 2107 hoc
2098 2062 2275 2107 saltem
2307 2063 2506 2108 nomine
2538 2076 2638 2108 non
2670 2065 2935 2119 indignam.
2971 2088 3024 2096 -
3050 2065 3178 2108 Lau-

977 2126 1114 2170 dunii
1147 2128 1244 2172 Ars
1272 2130 1484 2184 poetica,
1507 2131 1650 2185 qu'us
1676 2130 1827 2174 breve
1849 2130 2197 2186 compendium
2222 2131 2526 2188 proponitur,
2557 2133 2790 2186 tanquam
2809 2131 3030 2176 biformis
3068 2133 3174 2182 cst:

974 2194 1030 2236 ut
1059 2193 1189 2238 enim
1215 2195 1349 2250 prior
1384 2206 1500 2251 pars
1536 2195 1596 2239 ad
1630 2196 1826 2251 priscos
1860 2195 2036 2240 Galliae
2069 2198 2246 2251 poetas
2277 2207 2334 2240 ac
2364 2207 2542 2250 genera
2570 2196 2796 2251 pertinet,
2835 2195 2903 2240 ita
2934 2196 3177 2252 posterior

976 2256 1221 2302 Ronsardi
1261 2258 1574 2315 Pleiadisque
1609 2259 1927 2316 disciplinam
1963 2261 2203 2315 sequitur.
2233 2282 2287 2291 —
2317 2260 2630 2314 Singularum
2672 2259 2879 2315 Artium,
2906 2260 2968 2305 de
2998 2258 3178 2316 quibus

978 2337 1127 2383 supra
1146 2326 1413 2383 dissertum
1435 2330 1527 2383 est,
1551 2339 1744 2374 summa
1763 2328 1845 2372 vis
1867 2330 2013 2385 atque
2036 2329 2232 2373 indoles
2251 2328 2468 2374 breviter
2484 2329 2870 2383 recognoscitur.

1016 2562 1456 2644 Pelletarius,
1506 2565 1582 2628 ut
1614 2562 1763 2647 jam
1817 2565 2022 2629 antea
2069 2561 2642 2643 memoravimuS,
2685 2579 2863 2628 unus
2910 2580 2997 2627 ex
3041 2560 3178 2628 illis

923 2676 1145 2765 poetis
1184 2677 1313 2758 est,
1347 2675 1463 2759 qui
1492 2676 1651 2741 ante
1688 2676 2148 2756 Ronsardum,
2178 2674 2587 2760 reparandae
2619 2673 3179 2759 renovandaeque

922 2789 1113 2877 poesi
1165 2789 1423 2854 nostrae
1480 2804 1757 2877 operam
1815 2786 2167 2854 dederant.
2226 2786 2417 2852 Idem
2471 2785 2730 2852 Bellaio
2779 2786 3035 2869 suasit,
3105 2790 3181 2853 ut

920 2907 1341 2974 sonettorum
1378 2923 1600 2990 genus
1638 2903 1932 2990 coleret3
1983 2904 2165 2970 idem
2209 2903 2467 2990 primas
2502 2903 2842 2968 Ronsardi
2892 2904 3060 2970 odas
3107 2903 3177 2969 in

922 3019 1174 3103 vulgus
1217 3018 1627 3085 emittendas
1675 3019 1982 3103 curavit3
2035 3018 2246 3083 immo
2291 3015 2615 3083 francicae
2661 3017 2814 3083 odae
2858 3016 3179 3102 princeps

924 3134 1166 3198 auctor
1212 3131 1424 3198 fuisse
1468 3150 1510 3197 a
1543 3131 1875 3198 Colleteto
1922 3130 2009 3218 (l)
2044 3129 2316 3196 dicitur.
2356 3129 2921 3208 Jurisconsultus‚
2961 3128 3179 3194 medi-

924 3264 1069 3328 cuS,
1106 3245 1578 3334 philosophuS,
1605 3239 2156 3327 mathematicuS,
2196 3243 2516 3311 omnibus
2549 3242 2992 3309 scientiarum
3023 3261 3178 3329 par-

924 3358 1108 3425 tibus
1142 3358 1527 3443 aequabilis,
1570 3381 1602 3422 «
1637 3358 1820 3425 docti
1851 3380 1884 3421 »
1923 3375 2310 3443 cognomen
2343 3356 2524 3423 inter
2553 3358 2835 3423 cunctos
2867 3356 3175 3440 ejusdem

925 3471 1154 3538 aetatis
1187 3473 1426 3560 poetas
1453 3474 1837 3558 acceperat.
1883 3473 2045 3557 Ejus
2077 3472 2317 3553 vitam,
2350 3488 2508 3555 quae
2542 3470 2616 3536 in
2643 3469 2861 3536 multa
2891 3488 3172 3536 casuum

925 3584 1258 3651 varietate
1309 3587 1569 3669 jactata
1634 3588 1774 3668 est,
1845 3586 1977 3652 hoc
2037 3585 2189 3651 loco
2250 3602 2535 3650 narrare
2588 3601 3173 3668 supervacaneum

927 3698 1199 3765 videtur
1242 3696 1354 3784 (2).
1395 3698 1569 3766 Illud
1600 3701 1866 3766 tantum
1913 3698 2310 3764 meminisse
2344 3696 2580 3779 refert,
2627 3695 3073 3762 Pelletarium
3105 3694 3175 3761 in

928 3810 1158 3899 priore
1183 3812 1407 3878 aetatis
1428 3817 1620 3897 parte
1648 3787 1957 3878 carmina
1983 3810 2452 3899 composuisse
2479 3809 2914 3895 superiorum
2943 3812 3175 3874 vatum

927 3923 1314 4008 disciplinae
1348 3927 1415 3990 et
1458 3924 1794 4010 exemplis
1828 3924 2371 4004 accommodata,
2420 3922 2567 4003 sed,
2603 3931 2962 4008 postquam
2999 3922 3180 3986 Ron-

928 4040 1173 4105 sardus
1206 4041 1488 4124 ejusque
1523 4041 1725 4106 amici
1763 4041 1993 4125 poesis
2027 4038 2456 4106 illustrandae
2493 4036 2770 4121 signum
2800 4037 3174 4114 dedissent,

928 4152 1000 4217 in
1045 4153 1506 4219 recentiorum
1552 4159 1909 4243 poetarum
1948 4171 2264 4239 gregem,
2305 4156 2378 4217 ut
2420 4151 2627 4236 paulo
2672 4150 2989 4238 superius
3036 4149 3179 4214 dic-

927 4265 1071 4329 tum
1108 4269 1236 4342 est,
1274 4266 1541 4330 mature
1576 4263 2024 4331 concessisse.
2059 4260 2642 4348 Quinquagesimo
2674 4260 2911 4344 quinto
2941 4258 3179 4327 saeculi

983 4511 1043 4568 (1)
1070 4513 1193 4557 Hiat.
1219 4513 1298 4555 dee
1313 4513 1466 4566 poetes
1487 4513 1723 4571 franceis.

982 4590 1044 4646 (2)
1071 4590 1131 4635 V.
1171 4590 1367 4646 GouJet.
1395 4591 1517 4635 Bi'bl.
1552 4593 1730 4650 tranq„
1767 4590 1879 4636 XII.
1917 4613 1973 4624 —
2003 4589 2249 4636 Haureau.
2286 4590 2408 4633 Hm.
2445 4589 2676 4632 litut-aire
2712 4589 2779 4632 du
2819 4588 2989 4632 naim,
3026 4586 3181 4646 Paris,

931 4656 1213 4713 Dumoulin,
1237 4657 1355 4713 1879,
1374 4659 1409 4702 t.
1430 4657 1518 4702 lx.
