3561 5729
1360 639 1684 700 —13-

389 786 717 865 Homer0,
770 783 1110 869 Vergilio,
1164 782 1501 867 Aligerio,
1556 801 1697 848 non
1745 782 1990 848 cedere
2023 800 2308 848 summa
2341 782 2650 848 omnium

389 904 495 967 est
527 899 760 985 opinio
797 897 878 984 (l)
920 915 934 965 :
977 897 1208 963 nullus
1238 915 1565 981 unquam,
1606 901 1682 963 ut
1709 900 1807 963 ait
1852 897 2083 985 Steph.
2133 896 2500 963 Pascasius
2538 894 2651 982 (2),

390 1018 595 1101 poeta
623 1013 906 1091 exstitit,
953 1028 1158 1097 quem
1204 1012 1311 1078 sui
1355 1011 1661 1096 aequales
1696 1012 1959 1096 majore
2003 1011 2191 1077 cultu
2237 1013 2305 1077 et
2352 1010 2655 1077 admira-

390 1129 577 1194 tione
616 1127 753 1193 sint
785 1127 1163 1216 prosecuti;
1211 1126 1372 1192 huic
1414 1128 1716 1192 Joannes
1759 1128 1980 1211 Major
2018 1143 2061 1191 a
2096 1125 2332 1209 Belgis
2372 1124 2656 1190 tertium

393 1259 556 1307 mox
586 1237 1077 1307 Historiarum
1111 1239 1390 1321 librum,
1424 1238 1585 1305 huic
1628 1241 1935 1305 Marotus
1967 1236 2503 1326 Epiqrammata
2533 1237 2656 1303 de-

391 1355 668 1422 dicabit.
711 1357 876 1422 Tres
905 1355 1006 1420 illi
1055 1357 1307 1440 poetae,
1346 1372 1638 1438 quorum
1668 1353 1813 1419 vita
1854 1352 2022 1419 satis
2070 1371 2398 1437 magnam
2433 1350 2655 1436 quinti

394 1469 645 1535 decimi
689 1469 927 1553 saeculi
980 1472 1247 1554 partem
1281 1468 1677 1557 primosque
1713 1466 1890 1533 sexti
1925 1465 2175 1532 decimi
2209 1483 2429 1532 annos
2469 1483 2657 1531 com-

393 1582 736 1667 plectitur,
773 1582 863 1648 ad
897 1585 1256 1665 utramque
1292 1581 1568 1647 aetatem
1602 1579 1973 1665 pertinent,
2012 1580 2080 1644 et
2106 1597 2150 1644 a
2174 1577 2460 1645 Carterii
2492 1577 2656 1643 Cas-

348 1783 361 1792 .
392 1694 766 1779 tellanique
797 1714 975 1779 aeVO,
1013 1714 1306 1780 quorum
1340 1714 1414 1761 se
1449 1695 1767 1761 alumnos
1792 1712 1945 1760 esse
1971 1694 2402 1778 profitentur,
2435 1710 2654 1776 usque

394 1812 481 1877 ad
511 1812 584 1878 C.
625 1813 992 1891 Marotum,
1043 1829 1247 1894 quem
1295 1828 1420 1895 pro
1469 1827 1594 1875 suo
1625 1808 1964 1897 discipulo
2002 1807 2134 1892 ipsi
2164 1807 2445 1889 habent,
2482 1809 2658 1873 tem-

394 1943 640 2009 porum
666 1929 1069 2014 perpetuam
1099 1924 1351 1991 seriem
1386 1926 1797 1990 connectere
1834 1922 2177 1988 videntur.

480 2039 648 2114 Quae
706 2042 964 2106 nostrae
1030 2039 1260 2128 poesis
1325 2056 1595 2104 summa
1644 2037 1772 2103 sub
1853 2036 1962 2101 his
2035 2034 2388 2118 magistris
2472 2036 2655 2100 esset

390 2153 641 2237 figura,
682 2153 922 2238 paucis
956 2152 1187 2218 verbis
1229 2149 1588 2236 explanari
1638 2150 1887 2234 potest.
1928 2147 2121 2223 Quod
2161 2147 2347 2212 enim
2382 2146 2470 2211 ad
2503 2164 2654 2212 car-

392 2267 656 2333 minum
704 2268 1068 2334 materiam
1130 2266 1398 2347 attinet,
1463 2265 1634 2331 nihil
1696 2283 1911 2354 prope
1978 2266 2177 2330 extra
2243 2262 2655 2347 allegoriam

390 2370 745 2465 scribitur3
791 2380 944 2468 ipsa
987 2382 1219 2445 autem
1267 2378 1786 2445 condendorum
1835 2394 2163 2441 versuum
2208 2392 2324 2442 ars
2368 2375 2656 2460 puerilis

393 2495 672 2579 quidam
699 2495 1155 2581 spinosusque
1182 2495 1387 2561 ludus
1422 2494 1604 2560 facta
1638 2495 1764 2559 est.

479 2610 581 2675 Ex
616 2627 752 2694 quo
782 2609 1042 2676 editum
1080 2609 1303 2674 fuerat
1346 2626 1593 2694 poema
1630 2608 1740 2673 cui
1775 2629 1809 2670 «
1839 2607 1924 2673 de
1954 2607 2142 2673 Rosa
2176 2605 2484 2673 »titulus
2517 2606 2661 2672 ins-

391 2722 675 2807 criptuS,
722 2723 948 2790 cuncti
994 2725 1220 2808 poetae
1261 2722 1351 2788 ad
1395 2723 1543 2805 ejus
1587 2721 2112 2788 similitudinem
2147 2721 2462 2787 certatim
2505 2738 2659 2787 sese

391 2836 764 2923 finxerant;
804 2836 1239 2922 allegoriam,
1275 2854 1431 2921 quae
1447 2837 1597 2920 jam
1627 2835 1820 2902 illinc
1844 2854 2062 2920 usque
2084 2835 2173 2902 ad
2202 2835 2660 2922 posteriorem

396 2951 575 3017 sexti
635 2951 884 3017 decimi
928 2951 1167 3019 saeculi
1222 2954 1490 3040 partem
1532 2954 1868 3037 perpetua
1910 2953 2168 3018 nostrae
2214 2952 2442 3039 poesis
2510 2954 2665 3017 tan-

392 3086 600 3151 quam
646 3067 824 3134 silva
874 3067 1279 3153 permansit,
1330 3067 1505 3134 adeo
1557 3068 1728 3133 fovit
1779 3067 2146 3134 scolastica
2201 3066 2569 3152 disciplina
2620 3085 2663 3132 a

389 3181 738 3266 theologis
793 3184 861 3248 et
902 3182 1418 3266 jurisconsultis
1475 3182 1815 3265 instituta,
1883 3186 1959 3248 ut
2023 3183 2257 3248 omnia
2312 3182 2659 3248 scribendi

391 3314 656 3381 genera
670 3271 1177 3380 *theatrumque
1221 3297 1447 3381 ipsum
1491 3315 1655 3362 mox
1703 3296 2086 3363 invaserint
2114 3297 2295 3362 fictae
2333 3296 2474 3362 illae
2508 3315 2662 3385 per-

394 3427 611 3488 sonae,
644 3427 938 3494 quarum
966 3411 1304 3495 exsangui
1334 3411 1580 3476 formae
1609 3410 2212 3477 vitami'nsundere
2241 3410 2661 3494 nequiquam

396 3526 587 3590 vates
621 3525 1069 3591 conabantur.
1101 3525 1207 3590 Ab
1233 3524 1342 3591 his
1367 3524 1689 3591 inanibus
1720 3524 2009 3591 somniis
2037 3523 2364 3608 gallicam
2392 3542 2662 3590 musam

393 3638 577 3704 Villo
623 3637 880 3705 frustra
922 3638 1287 3705 devocavit
1324 3655 1338 3705 :
1391 3638 1602 3705 totius
1636 3638 1868 3724 poesis
1916 3639 2278 3705 materiam
2312 3639 2461 3722 jam
2510 3640 2665 3727 post

298 3807 308 3815 .
394 3751 580 3819 illius
614 3755 906 3819 mortem
948 3754 1289 3838 allegoria
1329 3756 1714 3844 recuperat.
1772 3753 2222 3820 Notissimum
2253 3752 2664 3820 Meschinoti

395 3885 644 3952 poema
678 3867 764 3954 (3)
793 3868 1159 3934 Rationem
1193 3868 1391 3953 quasi
1422 3886 1791 3954 personam
1827 3867 2180 3934 inducitin
2209 3886 2346 3951 qua
2374 3867 2666 3933 vertitur

394 3981 699 4048 universi
735 3983 964 4072 operis
997 3986 1512 4068 argumentum.
1552 3983 1924 4049 Molinetus
1958 4000 2205 4068 poema
2242 4004 2275 4045 «
2306 3982 2391 4047 de
2420 3982 2606 4048 Rosa
2628 4004 2663 4043 »

393 4096 800 4182 inscriptum
840 4097 913 4162 in
943 4115 1221 4182 prosam
1269 4098 1654 4163 orationem
1696 4096 2025 4163 transfert
2069 4114 2151 4162 ac
2199 4092 2463 4162 Martis
2512 4095 2668 4161 tem-

381 4207 581 4298 plum
639 4209 1022 4296 componit3
1077 4210 1391 4277 Andreas
1441 4210 1688 4293 Vinea,
1754 4210 2005 4275 horum
2049 4212 2410 4295 poetarum
2460 4208 2669 4274 disci-

391 4323 596 4408 pulus
617 4325 686 4389 et
704 4323 1022 4406 aemulus,
1047 4342 1204 4391 cum
1232 4323 1461 4391 Caroli
1491 4323 1716 4390 octavi
1748 4322 1822 4388 in
1846 4322 2118 4389 Italiam
2148 4320 2667 4408 expeditionem

456 4533 515 4589 (1)
533 4534 604 4578 Cr.
625 4532 687 4578 G.
707 4531 854 4588 'roi-y,
879 4532 1049 4585 Campi
1065 4532 1232 4586 floridi
1258 4530 1347 4576 lib.
1366 4531 1403 4585 1,
1425 4531 1510 4576 rol.
1529 4530 1571 4586 4,
1593 4541 1759 4575 verso.

455 4613 516 4666 (2)
534 4613 671 4656 [ἰωὴ.
699 4613 755 4654 do
774 4613 821 4654 la
844 4612 1042 4666 Franco,
1062 4612 1148 4656 lib.
1170 4611 1274 4665 vn,
1296 4621 1403 4666 (περ.
1424 4610 1556 4662 XIII,
1581 4610 1666 4655 fol.
1682 4611 1777 4656 660.

459 4690 521 4745 (3)
539 4693 618 4734 Leo
638 4691 831 4734 iunctm
850 4693 928 4734 du
946 4691 1160 4734 Primos.
