3561 5729
1903 641 2223 705 ...22-

937 791 1122 871 laba,
1160 789 1306 856 sive
1336 788 1568 873 plures
1597 788 1806 855 etiam
1835 789 2122 873 syllabae
2151 789 2511 871 iterantur,
2541 795 2607 858 et
2637 792 2928 859 alteram
2951 810 3192 860 vocem

940 903 1383 991 componunt,
1432 919 1589 984 quae
1631 919 1771 967 non
1809 902 2098 967 eandem
2151 903 2560 969 sententiam
2608 908 2920 972 extremo
2984 924 3191 972 versu

936 1016 1208 1098 retinet,
1246 1033 1328 1080 ac
1357 1015 1672 1100 proximo
1703 1016 2042 1082 vocabulo
2072 1018 2351 1083 suberat
2375 1015 2481 1103 (3).
2521 1019 2639 1084 Est
2670 1019 2951 1102 quidam
2989 1020 3194 1086 vilior

937 1131 1208 1215 eJudem
1253 1130 1532 1215 generis
1567 1127 1959 1218 rhythmus,
2017 1149 2197 1213 cum,
2252 1134 2405 1215 post
2445 1134 2806 1201 coronatas
2857 1135 3188 1218 syllabaS,

936 1263 1079 1313 una
1105 1244 1215 1311 vel
1242 1244 1475 1329 plures
1499 1243 1868 1325 adduntur,
1904 1263 2061 1328 quae
2096 1263 2422 1311 coronam
2459 1247 2656 1331 quasi
2686 1248 2885 1314 novis
2911 1249 3194 1316 fioribus

936 1361 1263 1427 decorent
1293 1356 1399 1444 (4).
1462 1356 1779 1441 Sequitur
1830 1357 2126 1442 denique
2179 1354 2628 1448 retroqradus
2674 1357 3086 1449 rhythmus·;
3135 1361 3196 1428 is

936 1476 1168 1541 autem
1218 1470 1513 1538 efficitur
1560 1469 1876 1553 quotiens
1924 1471 2264 1538 sententia
2314 1473 2597 1540 minime
2638 1476 2965 1556 mutatur,
3008 1474 3066 1540 si
3107 1474 3191 1556 is,

934 1584 1051 1669 qui
1085 1583 1280 1668 legit,
1316 1599 1556 1647 versus
1599 1599 1642 1646 a
1673 1582 1811 1647 fine
1848 1582 2086 1666 legere
2119 1576 2385 1669 incipit,
2423 1586 2492 1650 et
2527 1603 2743 1669 usque
2773 1584 2859 1650 ad
2893 1584 3191 1666 initium,

936 1690 1211 1765 inverso
1245 1696 1346 1763 sic
1379 1695 1645 1777 ordine,
1679 1695 2187 1779 retrograditur
2212 1695 2319 1783 (l).
2864 1691 2874 1703 ’

1023 1809 1211 1877 Nihil
1237 1808 1461 1892 magis
1497 1810 1754 1874 nostrae
1789 1809 2022 1892 poesis
2050 1808 2453 1876 inanitatem
2478 1810 2732 1894 arguit,
2770 1828 2978 1894 quam
3011 1808 3196 1894 quod

935 1927 1149 1994 totam
1193 1941 1392 2009 paene
1432 1924 1667 1988 Artem
1710 1922 2054 2006 poeticam
2097 1922 2206 1989 his
2246 1921 2730 2011 rhythmorum
2763 1924 3197 2012 captionibus

937 2040 1158 2105 Faber
1187 2036 1561 2122 impendat.
1602 2037 1817 2100 Immo
1864 2035 2018 2101 finit
2062 2053 2236 2121 opus
2278 2037 2579 2122 plurium
2624 2039 3003 2121 figurarum
3044 2036 3201 2102 des·-

936 2152 1206 2238 criptiD,
1259 2150 1441 2216 unde
1490 2150 1761 2235 planius
1805 2149 2260 2234 intellegitur,
2314 2170 2486 2236 quas
2542 2152 2613 2217 in
2674 2169 2893 2235 nugas
2941 2151 3203 2235 gallica

937 2267 1135 2331 Musa
1183 2262 1650 2329 descenderet.
1694 2264 1851 2329 Non
1882 2265 2035 2347 jam
2086 2264 2172 2330 de
2213 2261 2587 2353 rhythmis,
2630 2283 2718 2330 ne
2774 2264 2859 2330 de
2913 2264 3204 2330 vocibus

937 2377 1215 2462 quidem
1252 2375 1507 2460 agitur,
1554 2375 1674 2441 sed
1720 2376 1805 2442 de
1853 2375 2027 2460 ipsis
2068 2375 2341 2443 litteriS.
2395 2377 2871 2444 Paronomeon
2903 2376 3205 2443 efficitur

935 2509 1093 2558 cum
1122 2488 1354 2554 omnia
1383 2487 1690 2570 ejusdem
1713 2506 1961 2555 versus
1983 2488 2324 2555 vocabula
2351 2488 2645 2554 similem
2675 2488 2869 2554 initio
2893 2488 3203 2555 litteram

934 2604 1241 2672 referunt
1278 2617 1292 2667 :
1336 2602 1582 2685 figurae
1627 2620 1795 2668 vero
1838 2602 2192 2669 diversum
2242 2621 2326 2668 ac
2376 2603 2723 2687 peculiare
2767 2621 3024 2669 nomen
3067 2604 3200 2684 est,

935 2719 1138 2804 prout
1165 2716 1394 2781 littera
1423 2712 1472 2794 Z,
1505 2731 1597 2795 m,
1635 2735 1700 2793 r,
1736 2733 1797 2796 s,
1835 2717 2000 2795 etc.,
2034 2714 2160 2781 has
2187 2717 2419 2799 partes
2448 2716 2718 2800 accipit.
2750 2718 2915 2782 Haec
2939 2722 3010 2781 et
3032 2715 3208 2780 talia

935 2847 1074 2896 non
1106 2829 1195 2895 ad
1229 2829 1502 2913 poetam
1535 2828 1849 2910 attinent,
1879 2827 2003 2894 sed
2030 2828 2258 2913 potius
2290 2827 2380 2894 ad
2406 2816 2800 2913 operarium
2821 2828 3202 2912 quendam,

936 2944 1131 3026 cujus
1164 2939 1388 3006 omnis
1422 2957 1589 3005 cura
1628 2940 1700 3005 in
1737 2957 2035 3006 oneroso
2071 2940 2426 3024 sterilique
2475 2939 2710 3006 labore
2743 2941 3200 3014 consumitur.

1023 3056 1169 3119 Hoc
1203 3055 1308 3118 est
1340 3051 1525 3118 Artis
1563 3052 1854 3137 poeticae
1904 3053 2386 3134 summarium,
2432 3070 2588 3136 quae
2642 3052 2930 3136 aequalis
2966 3054 3205 3138 poesis

934 3168 1313 3252 imaginem
1351 3166 1695 3250 exprimit,
1739 3167 2017 3250 qualem
2051 3166 2189 3232 illis
2224 3167 2650 3255 temporibus
2687 3185 2839 3233 sese
2870 3167 3202 3249 habebat,

935 3284 1305 3363 antequam
1368 3280 1766 3345 Graecorum
1839 3279 2376 3363 Latinorumque
2441 3282 2675 3345 vatum
2739 3280 3205 3348 imitationem

934 3392 1125 3460 aliud
1186 3390 1531 3474 quoddam
1591 3390 1924 3456 indicium
1987 3391 2168 3475 apud
2222 3390 2468 3458 Galliae
2533 3389 2927 3475 scriptores,
2988 3412 3206 3477 quam

933 3507 1317 3574 alienarum
1370 3521 1617 3569 vocum
1669 3522 1807 3569 non
1861 3502 2031 3569 satis
2073 3502 2468 3568 verecunda
2521 3504 2880 3585 mutuatiO,
2932 3506 3209 3572 denun-

933 3622 1110 3686 tiare
1139 3620 1288 3701 jam
1313 3616 1649 3682 videatur.
1686 3641 1719 3676 «
1753 3613 2263 3704 Rhytlzmorum
2290 3615 2411 3697 ibi,
2459 3618 2533 3681 ut
2563 3619 2661 3681 ai't
2695 3618 3065 3685 Pascasius
3087 3619 3202 3706 (2),

934 3735 1270 3820 quantum
1310 3730 1536 3814 voles;
1583 3748 1829 3797 sensus
1876 3747 2043 3795 vero
2097 3747 2353 3812 magna
2407 3729 2713 3815 penuria.
2760 3751 2796 3792 »
2845 3731 3206 3800 Exhausta

924 3844 1917 3943 jampridem-estspriscorum
1966 3845 2324 3927 poetarum
2355 3859 2535 3907 vena
2573 3857 2588 3908 ε
2627 3861 2896 3910 summo
2926 3845 3002 3910 in
3030 3847 3208 3912 Par-

932 3977 1168 4040 naSSO,
1209 3960 1413 4041 juxta
1453 3975 1687 4023 sacros
1735 3959 2090 4022 Musarum
2136 3955 2384 4035 fontes,
2432 3955 2798 4022 constituta
2846 3959 2951 4024 est
2996 3959 3206 4025 fabri-

984 4235 995 4281 (
1007 4231 1047 4282 1)
1067 4229 1256 4274 Guerre
1275 4239 1303 4273 a
1321 4227 1439 4272 faict
1459 4225 1611 4271 maint
1636 4225 1856 4269 chatelet
1875 4224 1958 4276 let,

1068 4294 1134 4337 Et
1152 4293 1336 4336 mainte
1355 4291 1518 4335 bonne
1543 4290 1664 4334 ville
1688 4289 1826 4340 ville,

1072 4359 1137 4403 Et
1156 4359 1294 4411 geste
1314 4355 1470 4399 maint
1484 4356 1699 4410 jardinet
1718 4355 1817 4403 net,
1844 4354 1938 4395 etc.

982 4437 1045 4492 (2)
1064 4435 1163 4479 Les
1183 4444 1299 4477 vers
1321 4433 1402 4486 icy
1424 4432 1466 4475 si
1489 4433 1603 4475 sont
1622 4441 1769 4474 cours
1791 4437 2070 4472 couronnez

1067 4499 1130 4542 Et
1148 4507 1236 4552 par
1255 4496 1385 4541 ainsi
1406 4506 1492 4549 par
1516 4496 1620 4538 leur
1640 4495 1771 4538 droit
1793 4504 1905 4535 nom
1929 4501 2169 4543 nommez,
2192 4493 2285 4534 etc.

985 4576 1048 4632 (3)
1066 4574 1111 4618 Α
1136 4583 1333 4617 mesure
1355 4582 1433 4616 ma
1456 4572 1598 4616 dame
1619 4582 1735 4615 ruse
1756 4581 1853 4613 ma.

990 4655 1050 4711 (4)
1070 4653 1211 4698 Roob.
1233 4653 1289 4696 de
1308 4652 1355 4695 la
1370 4651 1570 4707 Franco,
1591 4650 1677 4695 lib.
1706 4649 1812 4704 VH,
1836 4658 1944 4705 cap.
1965 4645 2076 4691 XII.
