3561 5729
1374 606 1719 676 ‘—41—

432 768 504 833 in
534 784 669 851 qua
711 782 892 831 nova
926 763 1242 848 quaedam
1279 760 1508 847 poesis
1555 761 1776 827 forma
1823 762 2141 846 ratioque
2175 780 2502 847 expresse
2532 763 2687 831 des-

433 878 742 945 cribitur.
801 876 906 942 Ab
958 875 1091 941 hoc
1143 874 1473 960 opusculo
1534 874 1745 940 sumit
1794 873 2066 941 initium
2119 874 2240 940 illa
2293 875 2677 944 litterarum

435 989 871 1071 restauratiO,
919 991 1112 1074 cujus
1144 990 1245 1054 tot
1287 987 1540 1054 indicia
1572 989 1719 1072 jam
1762 988 1944 1072 apud
1985 987 2343 1055 Sibiletum
2395 1008 2689 1075 appare-

434 1106 621 1171 bant.
694 1102 920 1187 Magis
970 1101 1249 1186 quidem
1298 1104 1504 1167 notus
1551 1102 1656 1167 est
1707 1098 2019 1183 libellus,
2083 1119 2286 1185 quam
2352 1103 2428 1168 ut
2491 1101 2688 1169 illum

435 1220 765 1285 excutere
793 1234 1077 1283 necesse
1115 1215 1467 1299 videatur3
1495 1216 1814 1280 ceterum
1844 1214 2016 1279 nihil
2047 1215 2119 1280 in
2147 1233 2255 1297 eo,
2294 1215 2475 1298 quod
2505 1216 2689 1302 apud

436 1330 856 1416 posteriores
888 1327 1156 1395 Artium
1199 1326 1625 1413 poeticarum
1660 1326 2057 1415 scriptores,
2099 1327 2184 1393 de
2223 1328 2471 1413 quibus
2510 1329 2692 1395 infra

435 1443 845 1523 disseretur,
892 1461 1031 1508 non
1078 1441 1529 1527 reperiamus.
1587 1440 1718 1506 Sed
1767 1459 1988 1526 pauca
2039 1439 2331 1507 dicenda
2385 1445 2546 1509 sunt
2602 1442 2689 1507 de

435 1559 744 1624 Fontano
787 1557 942 1640 illo,
986 1557 1101 1642 qui
1142 1555 1549 1645 opusculum
1593 1555 1974 1639 quoddam,
2022 1554 2329 1631 Quintilii
2385 1556 2693 1624 censoris

437 1672 749 1754 nomine,
801 1673 1135 1739 adversus
1192 1669 1433 1737 Bellaii
1482 1670 1599 1735 vix
1652 1669 1908 1736 editam
1960 1668 2455 1759 Defert-sionem
2505 1691 2693 1739 com-

441 1785 686 1871 posuit.

530 1900 877 1965 Fontanus
901 1897 1218 1979 eandem,
1244 1915 1450 1982 quam
1482 1894 1831 1977 Sibiletus,
1879 1895 2315 1982 disciplinam
2355 1899 2686 1983 sequitur.

439 2015 516 2080 In
569 2011 782 2079 libelli
840 2012 1176 2093 editione,
1225 2029 1382 2096 quae
1431 2009 1945 2096 septuagesimo
1991 2013 2187 2078 sexto
2227 2011 2464 2079 saeculi
2511 2030 2694 2079 anno

439 2127 693 2194 emissa
736 2126 887 2210 suit,
932 2126 1239 2202 Quintilii
1292 2143 1606 2193 censurae
1638 2125 1957 2209 adjunxit
1994 2124 2141 2210 ipse
2187 2127 2372 2194 Artis
2405 2128 2699 2215 poeticae

440 2238 924 2325 compendium
953 2239 1317 2323 quoddam,
1357 2237 1472 2304 ubi
1519 2236 1972 2322 posteriorem
2019 2237 2282 2305 Sibileti
2329 2239 2583 2306 librum
2628 2240 2700 2307 in

440 2352 649 2418 breve
693 2369 946 2436 cogere
992 2351 1160 2418 satis
1210 2350 1440 2416 habet.
1490 2350 1737 2416 Maroti
1784 2350 2163 2436 discipulus
2210 2353 2338 2433 est,
2391 2353 2507 2436 qui
2552 2354 2701 2437 ejus

439 2464 900 2549 patrocinium
938 2464 1007 2530 in
1053 2463 1280 2530 dubiis
1324 2463 1531 2530 rebus
1571 2463 1850 2548 plurimi
1903 2464 2065 2530 fecit
2108 2462 2215 2551 (1).
2270 2466 2364 2531 De
2408 2465 2697 2532 Fontani

439 2578 581 2645 vita
624 2597 780 2663 quae
821 2580 1107 2663 accepta
1154 2580 1313 2645 sunt
1362 2581 1676 2667 repetere
1722 2597 1859 2645 non
1907 2578 2198 2646 multum
2242 2578 2527 2646 interest
2585 2580 2692 2666 (2).

439 2693 886 2778 Opusculum,
926 2693 1010 2758 de
1045 2710 1181 2777 quo
1214 2693 1363 2758 solo
1399 2692 1514 2758 hic
1546 2692 1801 2777 agitur,
1845 2693 2162 2778 proximo
2201 2710 2382 2760 anno
2418 2711 2698 2779 compo-

438 2808 598 2891 suit,
636 2811 1002 2894 postquam
1036 2803 1531 2895 Defensionem
1561 2806 1867 2874 Bellaius
1902 2806 2234 2875 ediderat.

526 2921 709 2987 Nulli
745 2921 970 2987 ordini
1011 2920 1405 3002 adstrictuS,
1438 2920 1679 2986 Bellaii
1717 2921 2032 3005 vestigiis
2061 2921 2337 3003 insistit,
2379 2925 2471 3003 et,
2508 2939 2700 3007 quae-

437 3053 731 3119 cumque
794 3034 1125 3101 mendosa
1174 3033 1305 3122 ipsi
1371 3033 1717 3115 videntur,
1770 3037 1972 3119 prout
2026 3037 2418 3117 occurrunt,
2478 3038 2692 3101 notat.

439 3146 779 3231 Quidquid
842 3149 1073 3212 autem
1130 3146 1598 3230 reprehendit,
1663 3148 1809 3212 tum
1865 3146 1952 3212 ad
2010 3146 2321 3230 linguam
2374 3147 2695 3233 pertinet,

438 3267 582 3327 tum
616 3262 703 3327 ad
766 3278 947 3326 nova
1001 3260 1231 3345 poesis
1287 3278 1572 3345 genera,
1621 3280 1777 3346 quae
1831 3281 1918 3328 ex
1973 3262 2380 3345 antiquitate
2440 3260 2698 3328 arcessi

438 3370 892 3461 Defensionzls·
924 3376 1164 3440 auctor
1191 3375 1518 3457 jnsserat.

529 3488 882 3555 vocabula
923 3488 1241 3572 quaedam
1290 3507 1425 3553 non
1470 3488 1779 3574 recipere
1828 3489 1974 3556 vult
2016 3491 2389 3573 Fontanus,
2436 3509 2618 3576 quae,
2657 3511 2702 3557 a

438 3601 700 3667 Bellaio
726 3601 795 3666 in
828 3607 1137 3666 nostram
1173 3600 1744 3667 consuetudinem
1770 3601 1987 3684 illata,
2017 3602 2124 3668 vel
2148 3603 2553 3670 exciderunt
2575 3602 2696 3688 (3),

440 3714 546 3780 vel
606 3714 983 3780 etiamnum
1036 3713 1106 3778 in
1167 3713 1513 3779 communi
1580 3732 1773 3779 more
1849 3718 2214 3782 versantur
2254 3717 2380 3802 (4);
2449 3715 2700 3782 multas

439 3825 934 3892 translationes
975 3825 1219 3910 carpit,
1261 3843 1432 3909 quas
1474 3826 1684 3892 duras
1719 3826 2131 3912 odiosasque
2165 3847 2318 3895 esse
2349 3831 2541 3918 putat
2566 3827 2693 3916 (5);

440 3943 527 4008 ad
581 3940 920 4007 minutula
974 3944 1115 4006 tam
1170 3941 1440 4007 curiose
1492 3944 1795 4007 mentem
1847 3942 2166 4024 advertit,
2218 3945 2294 4010 ut
2338 3941 2699 4031 ortkoqra-

436 4051 669 4142 phium
705 4053 927 4139 ipsam
961 4053 1424 4138 reprehendat
1454 4052 1571 4141 (6).
1610 4056 1763 4120 Jam
1800 4073 1965 4122 vero
1999 4055 2152 4122 haec
2180 4056 2523 4124 subtiliter
2552 4075 2700 4146 per-

492 4274 553 4328 (l)
582 4273 780 4328 Goujet.
803 4273 920 4315 Bibe.
940 4273 1025 4327 fr„
1046 4272 1137 4327 VI,
1161 4283 1208 4328 p.
1232 4271 1324 4317 112.

492 4354 552 4407 (2)
575 4354 715 4406 ibid„
737 4352 821 4397 11.

492 4431 554 4482 (3)
574 4430 790 4485 Ηὶιιὶᾳιιε,
817 4430 857 4472 le
874 4442 1077 4483 maraque
1094 4432 1237 4485 nanc,
1256 4431 1575 4486 buccinateur,
1593 4433 1760 4487 aliene,
1780 4433 2001 4486 molam,
2026 4434 2278 4477 oblivionem.

493 4509 555 4563 (4)
572 4509 782 4563 Liquido,
806 4521 1092 4562 raeseroner,
1111 4510 1334 4564 sinuatam,
1349 4513 1525 4565 patrio,
1546 4513 1639 4555 etc.
1661 4512 1728 4567 (p.
1746 4511 1817 4564 98.
1839 4510 1916 4555 ed.
1934 4512 1995 4555 de
2024 4510 2164 4563 1555).

495 4586 639 4641 (5)120
654 4587 833 4631 nour-eil
848 4589 1045 4641 ztoiquo.
1065 4590 1160 4633 etc.
1184 4591 1247 4644 (p.
1265 4585 1352 4640 86).

494 4663 557 4718 (6)
575 4664 800 4719 Doffonco,
824 4666 919 4709 etc.
