3561 5729
1433 602 1753 667 ...25-

465 747 635 832 puit,
674 745 1048 829 solitosque
1079 745 1335 810 nostrae
1369 744 1600 830 poesis
1633 763 1863 812 mores
1895 746 2086 811 tanta
2118 746 2456 830 religione
2493 748 2721 815 obser-

464 862 603 941 vat,
644 861 719 925 ut
751 858 1196 924 vehementer
1225 858 1626 942 indignetur
1659 858 1842 943 quod
1897 862 2121 947 poetae
2155 859 2349 925 multi
2390 860 2549 941 sint,
2607 860 2722 944 qui

464 974 696 1040 varias
731 970 1204 1060 ambiquomm
1234 969 1715 1059 rhythmorum
1751 975 2014 1055 figuras
2047 973 2401 1039 fastidiant
2422 972 2509 1061 (l)
2545 989 2560 1039 τ
2601 973 2720 1039 sed

467 1107 554 1155 ex
596 1088 705 1154 his
751 1087 921 1173 ipsis
968 1087 1418 1172 querimoniis
1461 1087 1823 1153 manifeste
1879 1090 2164 1172 apparet
2207 1088 2514 1172 ejusdem
2559 1091 2727 1154 tem-

468 1202 656 1288 poris
697 1204 891 1267 vates
928 1219 972 1267 a
1022 1201 1495 1286 superioribus
1545 1201 1836 1290 poeticae
1881 1201 2234 1285 magistris
2277 1202 2533 1268 sensim
2577 1202 2725 1268 des-

470 1315 765 1399 ciscere3
828 1317 920 1396 et,
982 1315 1297 1399 quamvis
1351 1334 1620 1382 crassos
1681 1315 1982 1381 artifices
2027 1314 2108 1401 (2)
2172 1315 2539 1381 Gratianus
2595 1314 2724 1381 hos
2815 1294 2822 1301 ’

470 1431 693 1509 vocet,
762 1445 900 1492 non
950 1433 1182 1493 tamen
1234 1428 1602 1512 prohibere
1658 1431 1904 1516 potest,
1970 1428 2133 1511 quin
2195 1428 2439 1494 Galliae
2499 1430 2723 1525 poetae

473 1561 711 1610 omnes
751 1544 878 1609 has
928 1543 1317 1627 compedes,
1375 1543 1622 1627 quibus
1670 1542 1984 1628 impliciti
2023 1542 2283 1631 misere
2336 1544 2723 1629 torpebant,

473 1658 794 1723 excutere
836 1656 1114 1722 tandem
1152 1658 1506 1721 conentur.
1559 1657 1637 1721 In
1680 1655 1943 1722 Sibileti
1988 1658 2176 1737 Arte,
2216 1674 2371 1740 quae
2389 1657 2536 1739 jam
2572 1675 2730 1746 per-

470 1768 836 1854 pendenda
886 1768 1086 1834 nobis
1138 1770 1265 1849 est,
1319 1767 1494 1833 mira
1549 1767 1947 1853 progressio
1995 1768 2344 1834 notabitur
2395 1768 2480 1833 ad
2538 1768 2728 1834 illam

471 1884 729 1948 nostrae
782 1882 1011 1970 poesis
1059 1881 1603 1964 renovationem,
1655 1899 1698 1947 a
1746 1881 2106 1948 Ronsardo
2158 1882 2440 1965 ejusque
2487 1881 2729 1948 amicis

473 1995 700 2062 medio
731 1995 987 2061 saeculo
1018 1999 1430 2084 susceptam.

527 2244 589 2294 (l)
612 2260 637 2283 α
657 2244 881 2290 Certains
920 2247 1092 2301 poetes
1126 2245 1424 2300 mesprisent
1456 2244 1662 2288 lesdicts
1697 2236 1850 2287 haulx
1884 2243 2043 2298 styles
2073 2244 2123 2286 et
2141 2244 2323 2287 termes
2342 2253 2518 2297 graves
2538 2254 2729 2289 comme

477 2310 824 2366 eq11ivocque8‚
847 2321 1071 2364 corona,
1093 2312 1203 2365 etc„
1224 2310 1417 2355 disantz
1437 2312 1568 2355 estre
1589 2311 1741 2355 chose
1763 2312 1859 2356 fort
1876 2310 2164 2355 contrainte.
2184 2325 2210 2348 ν

528 2387 590 2441 (2)
609 2404 635 2428 α
652 2387 911 2433 Grossiers
930 2398 1268 2445 composeurs.
1287 2402 1313 2425 ιο
