3561 5729
1245 664 1603 725 -113-

387 814 478 877 De
518 813 667 877 tota
717 809 1243 895 pangendorum
1294 825 1621 873 versuum
1673 806 1968 886 ratione,
2007 804 2346 872 Ronsardi
2391 822 2555 870 con-

301 924 760 1004 suetudinem,
798 925 874 989 ut
900 923 1187 990 inferius
1211 923 1418 1011 paulo
1456 920 1841 1007 apparebit,
1881 919 2292 985 Valkelinus
2326 919 2554 984 imita-

299 1041 428 1104 tur.
451 1039 613 1119 Sed,
637 1056 794 1104 curn
813 1037 932 1102 alii
959 1038 1273 1121 magistri
1303 1037 1582 1103 nomine
1605 1035 2059 1119 exemploque
2080 1036 2549 1110 abuterentur,

301 1153 743 1219 audaciorem
800 1152 948 1237 ipse
1027 1152 1378 1218 licentiam
1438 1154 1657 1216 cavet.
1722 1151 1907 1216 Sexti
1990 1149 2238 1216 decimi
2318 1148 2556 1215 saeculi

300 1268 552 1354 poetae,
595 1282 734 1329 non
783 1263 1084 1330 contenti
1132 1263 1313 1347 quod
1358 1266 1669 1330 veterum
1717 1280 1980 1346 genera
2032 1280 2557 1346 sermonemque

298 1378 814 1457 mutuabantur,
841 1376 1135 1461 gallicos
1170 1394 1437 1456 versus,
1467 1378 1542 1441 ut
1570 1378 1776 1441 antea
1806 1374 2065 1441 dictum
2099 1379 2227 1457 est,
2253 1375 2339 1439 ad
2371 1392 2559 1458 grae-

299 1509 450 1558 cam
531 1490 951 1572 latinamque
1028 1488 1424 1574 prosodiam
1500 1488 2025 1555 accommodare
2094 1491 2552 1555 tentaverant.

297 1605 543 1685 Immo,
578 1603 637 1669 si
666 1602 1000 1687 Agrippae
1034 1602 1311 1668 Albinio
1342 1601 1669 1684 creditur,
1697 1603 1848 1685 jam
1880 1606 2040 1667 ante
2070 1605 2343 1667 sextum
2373 1601 2560 1667 deci-

296 1736 490 1784 mum
528 1716 862 1783 saeculum
905 1734 1148 1782 versus
1199 1715 1587 1783 istiusmodi
1633 1716 1892 1782 conditi
1941 1719 2172 1801 erant3
2225 1716 2343 1782 ille
2373 1716 2558 1782 enim

295 1827 602 1898 Iliadem
640 1834 709 1897 et
763 1827 1136 1918 odysseam
1189 1829 1260 1895 in
1314 1829 1757 1897 hexametros
1804 1849 1848 1896 a
1888 1832 2189 1898 Mosseto
2227 1830 2556 1914 quodam,

296 1944 518 2029 quinti
569 1943 817 2009 decimi
866 1944 1104 2010 saeculi
1151 1944 1517 2029 postremis
1573 1945 1801 2027 anniS,
1856 1944 2228 2010 translatas
2280 1962 2354 2009 se
2407 1944 2557 2034 ipse

296 2057 558 2124 vidisse
585 2057 885 2123 affirmat
919 2055 1031 2142 (l).
1072 2058 1290 2131 Quam
1335 2056 1614 2141 quidem
1656 2057 2022 2125 inveterati
2063 2058 2276 2124 moris
2310 2074 2561 2143 repen-

295 2171 517 2237 tinam
555 2171 1002 2236 mutationem
1056 2170 1381 2236 Sibiletus
1423 2189 1561 2236 non
1597 2172 1869 2256 probat,
1919 2170 2223 2238 Bellai'us
2269 2191 2437 2239 vero
2472 2172 2560 2261 (2)

293 2283 608 2368 recipere
626 2282 921 2348 videtur.
947 2282 1532 2366 Quinquagesimo
1558 2283 1762 2348 tertio
1793 2283 2030 2349 saeculi
2053 2302 2234 2350 anno
2265 2285 2561 2352 disticha

291 2394 635 2461 Jodellius
671 2394 1042 2480 componit.
1082 2394 1326 2460 Tribus
1360 2396 1513 2479 post
1560 2394 1786 2477 anniS,
1834 2395 2223 2478 PascasiuS,
2275 2400 2557 2465 auctore

293 2508 545 2590 RamO,
574 2507 874 2591 elegiam
908 2507 1245 2590 ejusmodi
1279 2508 1595 2574 versibus
1642 2508 1948 2576 mandat.
1987 2509 2204 2577 Paulo
2248 2515 2403 2595 post
2438 2510 2552 2599 (3),

293 2621 597 2686 Jacobus
639 2638 682 2685 a
728 2619 920 2685 Talia
970 2620 1055 2686 de
1102 2620 1418 2686 versibus
1466 2638 1700 2704 graeco
1749 2620 2101 2705 latinoque
2152 2641 2343 2688 more
2391 2610 2560 2708 pan-

295 2735 553 2821 gendis
587 2736 1237 2802 commentationem
1263 2734 1346 2821 (4)
1382 2735 1547 2816 edit,
1581 2735 1653 2801 in
1686 2753 1825 2819 qua
1852 2739 2044 2802 tanta
2070 2735 2556 2824 rhythmorum

297 2850 619 2917 satietate
654 2868 728 2916 se
764 2852 1039 2934 captum
1078 2868 1232 2917 esse
1266 2850 1654 2933 confitetur,
1698 2852 1774 2916 ut
1802 2849 2010 2916 aliam
2046 2850 2231 2917 viam
2265 2851 2353 2918 ad
2389 2854 2560 2918 Par-

296 2983 585 3031 nassum
637 2964 768 3030 sibi
817 2965 1191 3049 aperuerit,
1229 2983 1271 3030 a
1317 2965 1581 3032 Graecis
1626 2965 2106 3032 tantummodo
2158 2967 2555 3052 Latinisque
2649 2973 2655 2979 ’

283 3081 438 3163 jam
490 3080 697 3144 antea
746 3078 1002 3144 tritam.
1066 3079 1515 3163 Sexagesimo
1577 3079 1818 3146 saeculi
1869 3098 2053 3146 anno
2109 3099 2366 3147 novum
2422 3082 2556 3148 hoc

296 3192 685 3259 carminum
713 3210 936 3275 genus
963 3192 1287 3259 adsciscit
1335 3195 1617 3275 BaifiuS,
1656 3194 1911 3282 quippe
1945 3194 2061 3277 qui
2100 3194 2365 3279 poesim
2399 3214 2556 3261 eum

295 3305 568 3372 musica
590 3305 963 3371 artioribus
1009 3305 1422 3389 quibusdam
1463 3305 1759 3372 vinculis
1799 3307 2357 3390 conjungendam
2396 3327 2557 3374 een-

296 3420 472 3485 seat.
512 3417 900 3483 Doctissimi
931 3417 1586 3502 prudentissimique
1617 3416 1748 3482 viri
1779 3418 1960 3483 hanc
1988 3436 2316 3484 versuum
2345 3421 2557 3486 ratio-

296 3551 461 3599 nem
539 3547 907 3616 accepere:
992 3531 1335 3616 Rapinus,
1418 3532 2012 3608 Sammarthanus‚
2085 3534 2550 3616 Passeratius,

296 3647 636 3731 multique
670 3646 816 3726 alii,
867 3665 1159 3730 quorum
1206 3647 1489 3713 nomina
1535 3646 1798 3712 referre
1844 3664 1984 3712 non
2016 3647 2328 3729 interest,
2358 3650 2556 3715 Baifii

296 3761 696 3847 exemplum
722 3760 834 3826 vel
869 3760 1086 3827 secuti
1122 3765 1281 3827 sunt
1312 3761 1423 3826 vel
1458 3759 1703 3826 saltem
1722 3759 2120 3827 laudavere.
2158 3763 2558 3829 Ronsardus

297 3876 475 3963 ipse,
513 3875 601 3940 ab
632 3873 939 3958 ejusdem
972 3875 1252 3958 generis
1277 3874 1699 3940 carminibus
1730 3874 2014 3940 minime
2052 3874 2345 3956 alienu&
2385 3877 2557 3943 duas

300 3989 473 4057 odas
502 3987 797 4073 Saphico
846 4005 1037 4054 more
1077 3988 1489 4073 composuit,
1527 3988 1599 4053 in
1628 3988 1880 4071 quibus
1928 3988 2351 4072 syllabarum
2387 4008 2555 4074 pro-

301 4100 597 4183 sodiam,
634 4118 773 4166 non
798 4099 1054 4166 omisso
1083 4097 1432 4188 rhythmo,
1471 4101 1798 4166 observat
1822 4099 1926 4186 (5).
1954 4101 2281 4175 Quamvis
2311 4102 2559 4168 Valke-

353 4336 417 4389 ll)
444 4337 614 4378 Polites
633 4346 807 4378 oeuvm
826 4334 1010 4377 mulces
1028 4334 1094 4375 du
1111 4334 1242 4377 sieut·
1259 4334 1537 4388 d'Aubiqne.
1559 4332 1779 4378 Geneve.
1804 4333 1929 4379 1530.

352 4413 416 4466 (2)
445 4413 653 4464 Deffeme
671 4417 712 4454 et
732 4411 1043 4465 illustr-alien,
1063 4413 1177 4462 οἵας
1199 4411 1259 4463 ΙΙ,
1277 4411 1320 4455 7.

353 4490 415 4546 (3)
444 4491 564 4535 1562.

355 4569 417 4622 (4)
446 4570 511 4612 La
529 4569 743 4611 muniere
761 4569 818 4611 de
836 4568 963 4620 faire
980 4568 1060 4610 des
1077 4579 1180 4610 vers
1200 4580 1258 4609 en
1280 4568 1495 4625 franceis
1513 4580 1689 4611 comme
1708 4580 1767 4611 en
1793 4579 1901 4623 yrec
1921 4572 1962 4610 et
1981 4580 2039 4610 en
2060 4568 2199 4613 latin.

355 4646 419 4699 (5)
446 4646 641 4690 Primus
662 4647 744 4701 qui
766 4646 1051 4690 istiusmodi
1072 4656 1251 4689 versus
1282 4647 1476 4700 fecerat,
1500 4628 1737 4691 Claudius
1763 4646 1964 4702 quidam
1985 4646 2210 4701 Butetus‚
2242 4647 2285 4691 si
2321 4648 2555 4693 pascasio

303 4712 532 4767 creditur,
559 4714 664 4757 ruit.
683 4714 868 4766 (Quoese.
890 4714 946 4754 do
961 4713 1186 4765 Francia,
1206 4711 1294 4756 lib.
1316 4713 1420 4766 Vll,
1443 4724 1550 4768 cap.
1578 4712 1791 4766 x11,rol.
1810 4711 1929 4765 652.)

589 4809 637 4844 e.
681 4808 726 4844 r.
2246 4792 2279 4844 8
