<?xml version="1.0" encoding="UTF-8"?>
<!DOCTYPE html PUBLIC "-//W3C//DTD XHTML 1.0 Transitional//EN"
    "http://www.w3.org/TR/xhtml1/DTD/xhtml1-transitional.dtd">
<html xmlns="http://www.w3.org/1999/xhtml" xml:lang="en" lang="en">
 <head>
  <title>
</title>
<meta http-equiv="Content-Type" content="text/html;charset=utf-8" />
  <meta name='ocr-system' content='tesseract 3.04.00' />
  <meta name='ocr-capabilities' content='ocr_page ocr_carea ocr_par ocr_line ocrx_word'/>
</head>
<body>
  <div class='ocr_page' id='page_1' title='image "./desextidecimisa00pellgoog_0051.png"; bbox 0 0 3561 5729; ppageno 0'>
   <div class='ocr_carea' id='block_1_1' title="bbox 1282 640 1604 704">
    <p class='ocr_par' dir='ltr' id='par_1_1' title="bbox 1282 640 1604 704">
     <span class='ocr_line' id='line_1_1' title="bbox 1282 640 1604 704; baseline 0 -16"><span class='ocrx_word' id='word_1_1' title='bbox 1282 640 1604 704; x_wconf 79' lang='lat'><strong>-47..</strong></span> 
     </span>
    </p>
   </div>
   <div class='ocr_carea' id='block_1_2' title="bbox 317 781 2678 4399">
    <p class='ocr_par' dir='ltr' id='par_1_2' title="bbox 317 781 2581 1304">
     <span class='ocr_line' id='line_1_2' title="bbox 317 781 2576 869; baseline 0.003 -21"><span class='ocrx_word' id='word_1_2' title='bbox 317 800 478 867; x_wconf 84' lang='lat' dir='ltr'>quae</span> <span class='ocrx_word' id='word_1_3' title='bbox 535 781 956 849; x_wconf 84' lang='lat' dir='ltr'>recentiores</span> <span class='ocrx_word' id='word_1_4' title='bbox 1003 785 1229 869; x_wconf 82' lang='lat' dir='ltr'>poetae</span> <span class='ocrx_word' id='word_1_5' title='bbox 1283 783 1355 849; x_wconf 93' lang='lat' dir='ltr'>in</span> <span class='ocrx_word' id='word_1_6' title='bbox 1405 787 1712 852; x_wconf 90' lang='lat' dir='ltr'>nostram</span> <span class='ocrx_word' id='word_1_7' title='bbox 1765 784 2075 869; x_wconf 90' lang='lat' dir='ltr'>linguam</span> <span class='ocrx_word' id='word_1_8' title='bbox 2121 784 2576 868; x_wconf 81' lang='lat' dir='ltr'>induxerant,</span> 
     </span>
     <span class='ocr_line' id='line_1_3' title="bbox 318 895 2576 983; baseline 0.002 -21"><span class='ocrx_word' id='word_1_9' title='bbox 318 913 593 962; x_wconf 91' lang='lat' dir='ltr'>summa</span> <span class='ocrx_word' id='word_1_10' title='bbox 620 895 1259 980; x_wconf 87' lang='lat' dir='ltr'>diligentiatuetur,</span> <span class='ocrx_word' id='word_1_11' title='bbox 1287 898 1600 983; x_wconf 82' lang='lat' dir='ltr'>adeoque</span> <span class='ocrx_word' id='word_1_12' title='bbox 1628 901 1940 966; x_wconf 88' lang='lat' dir='ltr'>veterum</span> <span class='ocrx_word' id='word_1_13' title='bbox 1967 899 2332 966; x_wconf 79' lang='lat' dir='ltr'>imitationi</span> <span class='ocrx_word' id='word_1_14' title='bbox 2364 900 2576 982; x_wconf 82' lang='lat' dir='ltr'>favet,</span> 
     </span>
     <span class='ocr_line' id='line_1_4' title="bbox 320 1010 2581 1099; baseline 0.002 -24"><span class='ocrx_word' id='word_1_15' title='bbox 320 1011 519 1076; x_wconf 89' lang='lat' dir='ltr'>utne</span> <span class='ocrx_word' id='word_1_16' title='bbox 552 1010 1026 1099; x_wconf 87' lang='lat' dir='ltr'>comparativa</span> <span class='ocrx_word' id='word_1_17' title='bbox 1070 1011 1348 1094; x_wconf 92' lang='lat' dir='ltr'>quidem</span> <span class='ocrx_word' id='word_1_18' title='bbox 1395 1011 1955 1098; x_wconf 89' lang='lat' dir='ltr'>superlativaque</span> <span class='ocrx_word' id='word_1_19' title='bbox 1999 1013 2283 1079; x_wconf 89' lang='lat' dir='ltr'>nomina</span> <span class='ocrx_word' id='word_1_20' title='bbox 2327 1013 2581 1079; x_wconf 90' lang='lat' dir='ltr'>admit-</span> 
     </span>
     <span class='ocr_line' id='line_1_5' title="bbox 320 1121 2578 1208; baseline 0.001 -20"><span class='ocrx_word' id='word_1_21' title='bbox 320 1123 471 1188; x_wconf 87' lang='lat' dir='ltr'>tere</span> <span class='ocrx_word' id='word_1_22' title='bbox 506 1121 794 1204; x_wconf 90' lang='lat' dir='ltr'>dubitet‚</span> <span class='ocrx_word' id='word_1_23' title='bbox 832 1141 990 1206; x_wconf 82' lang='lat' dir='ltr'>quae</span> <span class='ocrx_word' id='word_1_24' title='bbox 1024 1128 1218 1190; x_wconf 90' lang='lat' dir='ltr'>vates</span> <span class='ocrx_word' id='word_1_25' title='bbox 1253 1124 1535 1208; x_wconf 87' lang='lat' dir='ltr'>quidam</span> <span class='ocrx_word' id='word_1_26' title='bbox 1572 1142 1659 1191; x_wconf 84' lang='lat' dir='ltr'>ex</span> <span class='ocrx_word' id='word_1_27' title='bbox 1690 1125 1933 1193; x_wconf 87' lang='lat' dir='ltr'>Latina</span> <span class='ocrx_word' id='word_1_28' title='bbox 1960 1125 2456 1192; x_wconf 86' lang='lat' dir='ltr'>consuetudine</span> <span class='ocrx_word' id='word_1_29' title='bbox 2506 1125 2578 1191; x_wconf 91' lang='lat' dir='ltr'>in</span> 
     </span>
     <span class='ocr_line' id='line_1_6' title="bbox 323 1234 1572 1304; baseline 0.003 -4"><span class='ocrx_word' id='word_1_30' title='bbox 323 1237 632 1300; x_wconf 83' lang='lat' dir='ltr'>nostram</span> <span class='ocrx_word' id='word_1_31' title='bbox 667 1234 1011 1302; x_wconf 84' lang='lat' dir='ltr'>incautius</span> <span class='ocrx_word' id='word_1_32' title='bbox 1043 1237 1572 1304; x_wconf 88' lang='lat' dir='ltr'>arcessiverant.</span> 
     </span>
    </p>

    <p class='ocr_par' dir='ltr' id='par_1_3' title="bbox 323 1348 2678 3142">
     <span class='ocr_line' id='line_1_7' title="bbox 411 1348 2581 1437; baseline 0.003 -24"><span class='ocrx_word' id='word_1_33' title='bbox 411 1349 507 1413; x_wconf 92' lang='lat' dir='ltr'>De</span> <span class='ocrx_word' id='word_1_34' title='bbox 547 1348 777 1433; x_wconf 90' lang='lat' dir='ltr'>poesis</span> <span class='ocrx_word' id='word_1_35' title='bbox 833 1351 1078 1417; x_wconf 89' lang='lat' dir='ltr'>ornatu</span> <span class='ocrx_word' id='word_1_36' title='bbox 1125 1351 1273 1434; x_wconf 89' lang='lat' dir='ltr'>jam</span> <span class='ocrx_word' id='word_1_37' title='bbox 1322 1350 1485 1417; x_wconf 90' lang='lat' dir='ltr'>hinc</span> <span class='ocrx_word' id='word_1_38' title='bbox 1533 1350 1858 1419; x_wconf 89' lang='lat' dir='ltr'>disserit:</span> <span class='ocrx_word' id='word_1_39' title='bbox 1901 1353 2091 1419; x_wconf 82' lang='lat' dir='ltr'>recta</span> <span class='ocrx_word' id='word_1_40' title='bbox 2138 1351 2436 1437; x_wconf 91' lang='lat' dir='ltr'>primum</span> <span class='ocrx_word' id='word_1_41' title='bbox 2492 1352 2581 1419; x_wconf 86' lang='lat' dir='ltr'>de</span> 
     </span>
     <span class='ocr_line' id='line_1_8' title="bbox 324 1461 2582 1552; baseline 0.001 -25"><span class='ocrx_word' id='word_1_42' title='bbox 324 1461 732 1546; x_wconf 85' lang='lat' dir='ltr'>metaphora</span> <span class='ocrx_word' id='word_1_43' title='bbox 774 1464 1125 1548; x_wconf 83' lang='lat' dir='ltr'>praecepta</span> <span class='ocrx_word' id='word_1_44' title='bbox 1153 1462 1389 1545; x_wconf 85' lang='lat' dir='ltr'>tradit,</span> <span class='ocrx_word' id='word_1_45' title='bbox 1425 1462 1500 1529; x_wconf 90' lang='lat' dir='ltr'>in</span> <span class='ocrx_word' id='word_1_46' title='bbox 1528 1482 1666 1548; x_wconf 88' lang='lat' dir='ltr'>qua</span> <span class='ocrx_word' id='word_1_47' title='bbox 1699 1463 2067 1532; x_wconf 88' lang='lat' dir='ltr'>inhonesta</span> <span class='ocrx_word' id='word_1_48' title='bbox 2107 1465 2449 1532; x_wconf 84' lang='lat' dir='ltr'>vocabula</span> <span class='ocrx_word' id='word_1_49' title='bbox 2497 1463 2582 1552; x_wconf 88' lang='lat'>(1)</span> 
     </span>
     <span class='ocr_line' id='line_1_9' title="bbox 325 1575 2584 1664; baseline 0.002 -25"><span class='ocrx_word' id='word_1_50' title='bbox 325 1591 576 1640; x_wconf 85' lang='lat' dir='ltr'>cavere</span> <span class='ocrx_word' id='word_1_51' title='bbox 620 1575 874 1641; x_wconf 90' lang='lat' dir='ltr'>debent</span> <span class='ocrx_word' id='word_1_52' title='bbox 918 1579 1168 1664; x_wconf 83' lang='lat' dir='ltr'>poetae,</span> <span class='ocrx_word' id='word_1_53' title='bbox 1227 1595 1357 1644; x_wconf 90' lang='lat' dir='ltr'>nec</span> <span class='ocrx_word' id='word_1_54' title='bbox 1408 1577 1622 1643; x_wconf 86' lang='lat' dir='ltr'>verba</span> <span class='ocrx_word' id='word_1_55' title='bbox 1673 1595 1976 1661; x_wconf 89' lang='lat' dir='ltr'>unquam</span> <span class='ocrx_word' id='word_1_56' title='bbox 2018 1577 2228 1653; x_wconf 85' lang='lat' dir='ltr'>altius</span> <span class='ocrx_word' id='word_1_57' title='bbox 2276 1577 2584 1662; x_wconf 86' lang='lat' dir='ltr'>exquisi-</span> 
     </span>
     <span class='ocr_line' id='line_1_10' title="bbox 325 1686 2588 1776; baseline 0.002 -23"><span class='ocrx_word' id='word_1_58' title='bbox 325 1686 601 1771; x_wconf 90' lang='lat' dir='ltr'>tiusque</span> <span class='ocrx_word' id='word_1_59' title='bbox 631 1689 1005 1755; x_wconf 85' lang='lat' dir='ltr'>transferre</span> <span class='ocrx_word' id='word_1_60' title='bbox 1036 1687 1148 1775; x_wconf 81' lang='lat'><strong>(2).</strong></span> <span class='ocrx_word' id='word_1_61' title='bbox 1179 1691 1350 1756; x_wconf 91' lang='lat' dir='ltr'>Tum</span> <span class='ocrx_word' id='word_1_62' title='bbox 1374 1689 1460 1756; x_wconf 91' lang='lat' dir='ltr'>de</span> <span class='ocrx_word' id='word_1_63' title='bbox 1493 1708 1949 1775; x_wconf 88' lang='lat' dir='ltr'>personarum</span> <span class='ocrx_word' id='word_1_64' title='bbox 1970 1691 2219 1757; x_wconf 89' lang='lat' dir='ltr'>decore</span> <span class='ocrx_word' id='word_1_65' title='bbox 2251 1708 2336 1758; x_wconf 93' lang='lat' dir='ltr'>ac</span> <span class='ocrx_word' id='word_1_66' title='bbox 2364 1691 2588 1776; x_wconf 90' lang='lat' dir='ltr'>digni-</span> 
     </span>
     <span class='ocr_line' id='line_1_11' title="bbox 326 1801 2585 1889; baseline 0.001 -21"><span class='ocrx_word' id='word_1_67' title='bbox 326 1802 468 1868; x_wconf 84' lang='lat' dir='ltr'>tate</span> <span class='ocrx_word' id='word_1_68' title='bbox 503 1801 832 1889; x_wconf 89' lang='lat' dir='ltr'>disputat,</span> <span class='ocrx_word' id='word_1_69' title='bbox 864 1802 1351 1888; x_wconf 81' lang='lat' dir='ltr'>variarumque</span> <span class='ocrx_word' id='word_1_70' title='bbox 1393 1803 1465 1869; x_wconf 91' lang='lat' dir='ltr'>in</span> <span class='ocrx_word' id='word_1_71' title='bbox 1503 1802 1810 1869; x_wconf 89' lang='lat' dir='ltr'>humana</span> <span class='ocrx_word' id='word_1_72' title='bbox 1851 1802 1996 1870; x_wconf 88' lang='lat' dir='ltr'>vita</span> <span class='ocrx_word' id='word_1_73' title='bbox 2040 1806 2319 1870; x_wconf 76' lang='lat' dir='ltr'>aetatum</span> <span class='ocrx_word' id='word_1_74' title='bbox 2354 1822 2585 1872; x_wconf 87' lang='lat' dir='ltr'>mores</span> 
     </span>
     <span class='ocr_line' id='line_1_12' title="bbox 327 1916 2579 2004; baseline 0 -19"><span class='ocrx_word' id='word_1_75' title='bbox 327 1935 412 1985; x_wconf 91' lang='lat' dir='ltr'>ac</span> <span class='ocrx_word' id='word_1_76' title='bbox 471 1917 700 1985; x_wconf 90' lang='lat' dir='ltr'>studia</span> <span class='ocrx_word' id='word_1_77' title='bbox 760 1918 1141 1984; x_wconf 90' lang='lat' dir='ltr'>secundum</span> <span class='ocrx_word' id='word_1_78' title='bbox 1186 1916 1630 1984; x_wconf 87' lang='lat' dir='ltr'>Aristotelem</span> <span class='ocrx_word' id='word_1_79' title='bbox 1687 1918 2184 2003; x_wconf 86' lang='lat' dir='ltr'>Horatiumque</span> <span class='ocrx_word' id='word_1_80' title='bbox 2232 1918 2579 2004; x_wconf 85' lang='lat' dir='ltr'>exprimit.</span> 
     </span>
     <span class='ocr_line' id='line_1_13' title="bbox 326 2030 2587 2117; baseline -0.001 -16"><span class='ocrx_word' id='word_1_81' title='bbox 326 2034 522 2111; x_wconf 85' lang='lat' dir='ltr'>Quod</span> <span class='ocrx_word' id='word_1_82' title='bbox 551 2033 638 2099; x_wconf 90' lang='lat' dir='ltr'>ad</span> <span class='ocrx_word' id='word_1_83' title='bbox 663 2050 914 2099; x_wconf 89' lang='lat' dir='ltr'>vocum</span> <span class='ocrx_word' id='word_1_84' title='bbox 942 2049 1188 2097; x_wconf 89' lang='lat' dir='ltr'>sonum</span> <span class='ocrx_word' id='word_1_85' title='bbox 1220 2031 1490 2114; x_wconf 87' lang='lat' dir='ltr'>attinet,</span> <span class='ocrx_word' id='word_1_86' title='bbox 1524 2031 1865 2117; x_wconf 90' lang='lat' dir='ltr'>poeticam</span> <span class='ocrx_word' id='word_1_87' title='bbox 1890 2030 2344 2098; x_wconf 85' lang='lat' dir='ltr'>imitationem</span> <span class='ocrx_word' id='word_1_88' title='bbox 2374 2049 2587 2116; x_wconf 87' lang='lat' dir='ltr'>prave</span> 
     </span>
     <span class='ocr_line' id='line_1_14' title="bbox 324 2144 2678 2232; baseline -0.002 -15"><span class='ocrx_word' id='word_1_89' title='bbox 324 2147 692 2232; x_wconf 86' lang='lat' dir='ltr'>intellegit,</span> <span class='ocrx_word' id='word_1_90' title='bbox 726 2149 819 2228; x_wconf 87' lang='lat' dir='ltr'>et,</span> <span class='ocrx_word' id='word_1_91' title='bbox 850 2145 1156 2212; x_wconf 89' lang='lat' dir='ltr'>Maronis</span> <span class='ocrx_word' id='word_1_92' title='bbox 1183 2144 1501 2211; x_wconf 83' lang='lat' dir='ltr'>versibus</span> <span class='ocrx_word' id='word_1_93' title='bbox 1529 2144 1947 2229; x_wconf 90' lang='lat' dir='ltr'>quibusdam</span> <span class='ocrx_word' id='word_1_94' title='bbox 1976 2144 2214 2226; x_wconf 84' lang='lat' dir='ltr'>fretus,</span> <span class='ocrx_word' id='word_1_95' title='bbox 2239 2144 2313 2211; x_wconf 92' lang='lat' dir='ltr'>in</span> <span class='ocrx_word' id='word_1_96' title='bbox 2336 2145 2589 2229; x_wconf 88' lang='lat' dir='ltr'>quibus</span> <span class='ocrx_word' id='word_1_97' title='bbox 2675 2186 2678 2191; x_wconf 95' lang='lat'>-</span> 
     </span>
     <span class='ocr_line' id='line_1_15' title="bbox 323 2257 2591 2347; baseline -0.002 -18"><span class='ocrx_word' id='word_1_98' title='bbox 323 2263 678 2329; x_wconf 87' lang='lat' dir='ltr'>levitatem</span> <span class='ocrx_word' id='word_1_99' title='bbox 718 2259 1024 2344; x_wconf 89' lang='lat' dir='ltr'>aliquam</span> <span class='ocrx_word' id='word_1_100' title='bbox 1065 2257 1347 2342; x_wconf 84' lang='lat' dir='ltr'>dactyli,</span> <span class='ocrx_word' id='word_1_101' title='bbox 1394 2257 1686 2347; x_wconf 92' lang='lat' dir='ltr'>spondei</span> <span class='ocrx_word' id='word_1_102' title='bbox 1730 2276 1898 2324; x_wconf 84' lang='lat' dir='ltr'>vero</span> <span class='ocrx_word' id='word_1_103' title='bbox 1943 2258 2337 2325; x_wconf 84' lang='lat' dir='ltr'>tarditatem</span> <span class='ocrx_word' id='word_1_104' title='bbox 2370 2258 2591 2343; x_wconf 91' lang='lat' dir='ltr'>signi-</span> 
     </span>
     <span class='ocr_line' id='line_1_16' title="bbox 326 2372 2592 2462; baseline -0.001 -20"><span class='ocrx_word' id='word_1_105' title='bbox 326 2377 560 2457; x_wconf 86' lang='lat' dir='ltr'>ficant,</span> <span class='ocrx_word' id='word_1_106' title='bbox 610 2374 954 2459; x_wconf 88' lang='lat' dir='ltr'>gloriatur</span> <span class='ocrx_word' id='word_1_107' title='bbox 995 2373 1143 2462; x_wconf 91' lang='lat' dir='ltr'>ipse</span> <span class='ocrx_word' id='word_1_108' title='bbox 1185 2372 1395 2458; x_wconf 90' lang='lat' dir='ltr'>quod,</span> <span class='ocrx_word' id='word_1_109' title='bbox 1452 2391 1608 2439; x_wconf 90' lang='lat' dir='ltr'>cum</span> <span class='ocrx_word' id='word_1_110' title='bbox 1641 2372 2011 2440; x_wconf 89' lang='lat' dir='ltr'>lusciniam</span> <span class='ocrx_word' id='word_1_111' title='bbox 2054 2374 2395 2459; x_wconf 84' lang='lat' dir='ltr'>pingeret,</span> <span class='ocrx_word' id='word_1_112' title='bbox 2443 2374 2592 2440; x_wconf 87' lang='lat' dir='ltr'>avi-</span> 
     </span>
     <span class='ocr_line' id='line_1_17' title="bbox 329 2485 2592 2571; baseline -0.001 -15"><span class='ocrx_word' id='word_1_113' title='bbox 329 2488 508 2556; x_wconf 87' lang='lat' dir='ltr'>culae</span> <span class='ocrx_word' id='word_1_114' title='bbox 557 2492 838 2554; x_wconf 85' lang='lat' dir='ltr'>cantum</span> <span class='ocrx_word' id='word_1_115' title='bbox 882 2487 1199 2553; x_wconf 89' lang='lat' dir='ltr'>versibus</span> <span class='ocrx_word' id='word_1_116' title='bbox 1244 2485 1625 2568; x_wconf 85' lang='lat' dir='ltr'>effinxerit,</span> <span class='ocrx_word' id='word_1_117' title='bbox 1676 2489 1777 2568; x_wconf 89' lang='lat' dir='ltr'>et,</span> <span class='ocrx_word' id='word_1_118' title='bbox 1824 2505 1981 2554; x_wconf 88' lang='lat' dir='ltr'>cum</span> <span class='ocrx_word' id='word_1_119' title='bbox 2019 2486 2394 2571; x_wconf 88' lang='lat' dir='ltr'>procellam</span> <span class='ocrx_word' id='word_1_120' title='bbox 2433 2487 2592 2554; x_wconf 88' lang='lat' dir='ltr'>des—</span> 
     </span>
     <span class='ocr_line' id='line_1_18' title="bbox 331 2600 2585 2685; baseline -0.001 -15"><span class='ocrx_word' id='word_1_121' title='bbox 331 2603 654 2683; x_wconf 89' lang='lat' dir='ltr'>criberet,</span> <span class='ocrx_word' id='word_1_122' title='bbox 687 2600 995 2668; x_wconf 84' lang='lat' dir='ltr'>fulminis</span> <span class='ocrx_word' id='word_1_123' title='bbox 1028 2600 1405 2685; x_wconf 83' lang='lat' dir='ltr'>fragorem,</span> <span class='ocrx_word' id='word_1_124' title='bbox 1436 2600 1866 2666; x_wconf 89' lang='lat' dir='ltr'>Salmonaeus</span> <span class='ocrx_word' id='word_1_125' title='bbox 1894 2600 2094 2681; x_wconf 89' lang='lat' dir='ltr'>alter,</span> <span class='ocrx_word' id='word_1_126' title='bbox 2132 2600 2221 2667; x_wconf 92' lang='lat' dir='ltr'>sit</span> <span class='ocrx_word' id='word_1_127' title='bbox 2256 2600 2585 2668; x_wconf 87' lang='lat' dir='ltr'>imitatus.</span> 
     </span>
     <span class='ocr_line' id='line_1_19' title="bbox 330 2714 2592 2801; baseline 0 -19"><span class='ocrx_word' id='word_1_128' title='bbox 330 2716 763 2801; x_wconf 87' lang='lat' dir='ltr'>Nequiquam</span> <span class='ocrx_word' id='word_1_129' title='bbox 808 2715 1211 2781; x_wconf 85' lang='lat' dir='ltr'>Graecorum</span> <span class='ocrx_word' id='word_1_130' title='bbox 1262 2715 1669 2780; x_wconf 83' lang='lat' dir='ltr'>auctoritate</span> <span class='ocrx_word' id='word_1_131' title='bbox 1713 2733 1790 2783; x_wconf 89' lang='lat' dir='ltr'>se</span> <span class='ocrx_word' id='word_1_132' title='bbox 1840 2714 2018 2780; x_wconf 91' lang='lat' dir='ltr'>tueri</span> <span class='ocrx_word' id='word_1_133' title='bbox 2056 2718 2366 2795; x_wconf 88' lang='lat' dir='ltr'>conatur,</span> <span class='ocrx_word' id='word_1_134' title='bbox 2418 2731 2592 2798; x_wconf 85' lang='lat' dir='ltr'>quos</span> 
     </span>
     <span class='ocr_line' id='line_1_20' title="bbox 332 2824 2589 2917; baseline -0.001 -20"><span class='ocrx_word' id='word_1_135' title='bbox 332 2829 445 2897; x_wconf 92' lang='lat' dir='ltr'>his</span> <span class='ocrx_word' id='word_1_136' title='bbox 472 2831 543 2896; x_wconf 89' lang='lat' dir='ltr'>et</span> <span class='ocrx_word' id='word_1_137' title='bbox 568 2828 823 2896; x_wconf 87' lang='lat' dir='ltr'>talibus</span> <span class='ocrx_word' id='word_1_138' title='bbox 852 2828 1098 2913; x_wconf 88' lang='lat' dir='ltr'>figuris</span> <span class='ocrx_word' id='word_1_139' title='bbox 1130 2824 1585 2917; x_wconf 71' lang='lat' dir='ltr'>hypotyposin</span> <span class='ocrx_word' id='word_1_140' title='bbox 1615 2845 1872 2895; x_wconf 91' lang='lat' dir='ltr'>nomen</span> <span class='ocrx_word' id='word_1_141' title='bbox 1897 2827 2170 2895; x_wconf 86' lang='lat' dir='ltr'>dedisse</span> <span class='ocrx_word' id='word_1_142' title='bbox 2204 2831 2543 2895; x_wconf 89' lang='lat' dir='ltr'>memorat</span> <span class='ocrx_word' id='word_1_143' title='bbox 2572 2842 2589 2896; x_wconf 74' lang='grc' dir='ltr'><em>τ</em></span> 
     </span>
     <span class='ocr_line' id='line_1_21' title="bbox 331 2941 2592 3028; baseline -0 -18"><span class='ocrx_word' id='word_1_144' title='bbox 331 2943 506 3010; x_wconf 90' lang='lat' dir='ltr'>nihil</span> <span class='ocrx_word' id='word_1_145' title='bbox 558 2943 742 3028; x_wconf 89' lang='lat' dir='ltr'>apud</span> <span class='ocrx_word' id='word_1_146' title='bbox 805 2960 926 3009; x_wconf 92' lang='lat' dir='ltr'>eos</span> <span class='ocrx_word' id='word_1_147' title='bbox 988 2941 1413 3025; x_wconf 87' lang='lat' dir='ltr'>invenimus,</span> <span class='ocrx_word' id='word_1_148' title='bbox 1460 2941 1643 3025; x_wconf 93' lang='lat' dir='ltr'>quod</span> <span class='ocrx_word' id='word_1_149' title='bbox 1691 2941 1819 3008; x_wconf 92' lang='lat' dir='ltr'>has</span> <span class='ocrx_word' id='word_1_150' title='bbox 1864 2942 2159 3028; x_wconf 90' lang='lat' dir='ltr'>ineptias</span> <span class='ocrx_word' id='word_1_151' title='bbox 2205 2941 2592 3009; x_wconf 89' lang='lat' dir='ltr'>vendibiles</span> 
     </span>
     <span class='ocr_line' id='line_1_22' title="bbox 329 3055 831 3142; baseline 0.002 -20"><span class='ocrx_word' id='word_1_152' title='bbox 329 3056 560 3123; x_wconf 84' lang='lat' dir='ltr'>facere</span> <span class='ocrx_word' id='word_1_153' title='bbox 588 3055 831 3142; x_wconf 89' lang='lat' dir='ltr'>possit.</span> 
     </span>
    </p>

    <p class='ocr_par' dir='ltr' id='par_1_4' title="bbox 329 3169 2600 3827">
     <span class='ocr_line' id='line_1_23' title="bbox 423 3169 2591 3256; baseline 0.001 -20"><span class='ocrx_word' id='word_1_154' title='bbox 423 3171 749 3256; x_wconf 91' lang='lat' dir='ltr'>Ejusdem</span> <span class='ocrx_word' id='word_1_155' title='bbox 783 3170 942 3236; x_wconf 89' lang='lat' dir='ltr'>libri</span> <span class='ocrx_word' id='word_1_156' title='bbox 981 3170 1119 3236; x_wconf 88' lang='lat' dir='ltr'>fine</span> <span class='ocrx_word' id='word_1_157' title='bbox 1152 3169 1240 3235; x_wconf 91' lang='lat' dir='ltr'>de</span> <span class='ocrx_word' id='word_1_158' title='bbox 1269 3169 1680 3254; x_wconf 88' lang='lat' dir='ltr'>quibusdam</span> <span class='ocrx_word' id='word_1_159' title='bbox 1722 3171 1952 3256; x_wconf 91' lang='lat' dir='ltr'>poesis</span> <span class='ocrx_word' id='word_1_160' title='bbox 1984 3171 2171 3237; x_wconf 90' lang='lat' dir='ltr'>vitiis</span> <span class='ocrx_word' id='word_1_161' title='bbox 2203 3171 2437 3256; x_wconf 90' lang='lat' dir='ltr'>agitur</span> <span class='ocrx_word' id='word_1_162' title='bbox 2466 3186 2482 3238; x_wconf 72' lang='grc' dir='ltr'>ε</span> <span class='ocrx_word' id='word_1_163' title='bbox 2521 3171 2591 3238; x_wconf 93' lang='lat' dir='ltr'>id</span> 
     </span>
     <span class='ocr_line' id='line_1_24' title="bbox 332 3282 2594 3373; baseline 0 -22"><span class='ocrx_word' id='word_1_164' title='bbox 332 3284 674 3373; x_wconf 92' lang='lat' dir='ltr'>imprimis</span> <span class='ocrx_word' id='word_1_165' title='bbox 708 3283 897 3349; x_wconf 88' lang='lat' dir='ltr'>Artis</span> <span class='ocrx_word' id='word_1_166' title='bbox 943 3283 1239 3368; x_wconf 88' lang='lat' dir='ltr'>scriptor</span> <span class='ocrx_word' id='word_1_167' title='bbox 1271 3301 1464 3367; x_wconf 80' lang='lat' dir='ltr'>aegre</span> <span class='ocrx_word' id='word_1_168' title='bbox 1504 3282 1660 3365; x_wconf 86' lang='lat' dir='ltr'>fert,</span> <span class='ocrx_word' id='word_1_169' title='bbox 1698 3283 1880 3369; x_wconf 89' lang='lat' dir='ltr'>quod</span> <span class='ocrx_word' id='word_1_170' title='bbox 1924 3286 2174 3369; x_wconf 88' lang='lat' dir='ltr'>poetae,</span> <span class='ocrx_word' id='word_1_171' title='bbox 2211 3284 2300 3350; x_wconf 88' lang='lat' dir='ltr'>ad</span> <span class='ocrx_word' id='word_1_172' title='bbox 2335 3287 2594 3351; x_wconf 90' lang='lat' dir='ltr'>certam</span> 
     </span>
     <span class='ocr_line' id='line_1_25' title="bbox 329 3397 2600 3489; baseline 0 -23"><span class='ocrx_word' id='word_1_173' title='bbox 329 3397 817 3488; x_wconf 72' lang='lat' dir='ltr'>rhythmorwm</span> <span class='ocrx_word' id='word_1_174' title='bbox 837 3399 1321 3466; x_wconf 89' lang='lat' dir='ltr'>necessitatem</span> <span class='ocrx_word' id='word_1_175' title='bbox 1349 3399 1644 3484; x_wconf 86' lang='lat' dir='ltr'>alligati,</span> <span class='ocrx_word' id='word_1_176' title='bbox 1674 3399 2049 3466; x_wconf 90' lang='lat' dir='ltr'>artioribus</span> <span class='ocrx_word' id='word_1_177' title='bbox 2074 3399 2368 3466; x_wconf 91' lang='lat' dir='ltr'>vinculis</span> <span class='ocrx_word' id='word_1_178' title='bbox 2389 3399 2600 3489; x_wconf 89' lang='lat' dir='ltr'>impe-</span> 
     </span>
     <span class='ocr_line' id='line_1_26' title="bbox 333 3512 2597 3598; baseline 0 -19"><span class='ocrx_word' id='word_1_179' title='bbox 333 3514 653 3598; x_wconf 83' lang='lat' dir='ltr'>diantur3</span> <span class='ocrx_word' id='word_1_180' title='bbox 694 3532 781 3579; x_wconf 84' lang='lat' dir='ltr'>ex</span> <span class='ocrx_word' id='word_1_181' title='bbox 802 3530 886 3579; x_wconf 89' lang='lat' dir='ltr'>eo</span> <span class='ocrx_word' id='word_1_182' title='bbox 913 3516 1146 3579; x_wconf 86' lang='lat' dir='ltr'>tamen</span> <span class='ocrx_word' id='word_1_183' title='bbox 1178 3512 1512 3580; x_wconf 90' lang='lat' dir='ltr'>solacium</span> <span class='ocrx_word' id='word_1_184' title='bbox 1540 3512 1689 3598; x_wconf 89' lang='lat' dir='ltr'>ipse</span> <span class='ocrx_word' id='word_1_185' title='bbox 1720 3513 1927 3598; x_wconf 87' lang='lat' dir='ltr'>capit,</span> <span class='ocrx_word' id='word_1_186' title='bbox 1962 3513 2171 3596; x_wconf 88' lang='lat' dir='ltr'>quod,</span> <span class='ocrx_word' id='word_1_187' title='bbox 2200 3513 2271 3578; x_wconf 93' lang='lat' dir='ltr'>in</span> <span class='ocrx_word' id='word_1_188' title='bbox 2302 3513 2597 3598; x_wconf 90' lang='lat' dir='ltr'>singulis</span> 
     </span>
     <span class='ocr_line' id='line_1_27' title="bbox 330 3626 2594 3712; baseline 0 -19"><span class='ocrx_word' id='word_1_189' title='bbox 330 3628 650 3694; x_wconf 85' lang='lat' dir='ltr'>versibus</span> <span class='ocrx_word' id='word_1_190' title='bbox 693 3627 952 3693; x_wconf 90' lang='lat' dir='ltr'>morari</span> <span class='ocrx_word' id='word_1_191' title='bbox 997 3630 1067 3693; x_wconf 87' lang='lat' dir='ltr'>et</span> <span class='ocrx_word' id='word_1_192' title='bbox 1103 3626 1424 3693; x_wconf 89' lang='lat' dir='ltr'>insistere</span> <span class='ocrx_word' id='word_1_193' title='bbox 1473 3627 1718 3710; x_wconf 89' lang='lat' dir='ltr'>coacti,</span> <span class='ocrx_word' id='word_1_194' title='bbox 1768 3627 2038 3694; x_wconf 89' lang='lat' dir='ltr'>nullum</span> <span class='ocrx_word' id='word_1_195' title='bbox 2072 3626 2180 3693; x_wconf 88' lang='lat' dir='ltr'>vel</span> <span class='ocrx_word' id='word_1_196' title='bbox 2229 3627 2594 3712; x_wconf 89' lang='lat' dir='ltr'>eloquendi</span> 
     </span>
     <span class='ocr_line' id='line_1_28' title="bbox 329 3741 2420 3827; baseline -0 -18"><span class='ocrx_word' id='word_1_197' title='bbox 329 3742 446 3810; x_wconf 85' lang='lat' dir='ltr'>vel</span> <span class='ocrx_word' id='word_1_198' title='bbox 481 3742 931 3827; x_wconf 90' lang='lat' dir='ltr'>intellegendi</span> <span class='ocrx_word' id='word_1_199' title='bbox 966 3741 1213 3808; x_wconf 89' lang='lat' dir='ltr'>vitium</span> <span class='ocrx_word' id='word_1_200' title='bbox 1246 3761 1386 3808; x_wconf 91' lang='lat' dir='ltr'>non</span> <span class='ocrx_word' id='word_1_201' title='bbox 1422 3741 1982 3827; x_wconf 89' lang='lat' dir='ltr'>circumspiciant</span> <span class='ocrx_word' id='word_1_202' title='bbox 2010 3744 2079 3808; x_wconf 91' lang='lat' dir='ltr'>et</span> <span class='ocrx_word' id='word_1_203' title='bbox 2108 3744 2420 3809; x_wconf 89' lang='lat' dir='ltr'>caveant.</span> 
     </span>
    </p>

    <p class='ocr_par' dir='ltr' id='par_1_5' title="bbox 328 3853 2604 4399">
     <span class='ocr_line' id='line_1_29' title="bbox 422 3853 2596 3943; baseline 0 -22"><span class='ocrx_word' id='word_1_204' title='bbox 422 3857 519 3921; x_wconf 90' lang='lat' dir='ltr'>De</span> <span class='ocrx_word' id='word_1_205' title='bbox 553 3854 885 3922; x_wconf 87' lang='lat' dir='ltr'>Francica</span> <span class='ocrx_word' id='word_1_206' title='bbox 923 3853 1372 3939; x_wconf 89' lang='lat' dir='ltr'>singulariter</span> <span class='ocrx_word' id='word_1_207' title='bbox 1405 3855 1596 3943; x_wconf 90' lang='lat' dir='ltr'>poesi</span> <span class='ocrx_word' id='word_1_208' title='bbox 1631 3854 1810 3920; x_wconf 89' lang='lat' dir='ltr'>liber</span> <span class='ocrx_word' id='word_1_209' title='bbox 1846 3854 2190 3939; x_wconf 89' lang='lat' dir='ltr'>posterior</span> <span class='ocrx_word' id='word_1_210' title='bbox 2218 3855 2487 3939; x_wconf 81' lang='lat' dir='ltr'>quaerit.</span> <span class='ocrx_word' id='word_1_211' title='bbox 2528 3853 2596 3922; x_wconf 91' lang='lat' dir='ltr'>Si</span> 
     </span>
     <span class='ocr_line' id='line_1_30' title="bbox 330 3966 2602 4056; baseline -0.001 -20"><span class='ocrx_word' id='word_1_212' title='bbox 330 3969 425 4036; x_wconf 88' lang='lat' dir='ltr'>ad</span> <span class='ocrx_word' id='word_1_213' title='bbox 455 3968 651 4034; x_wconf 85' lang='lat' dir='ltr'>varia</span> <span class='ocrx_word' id='word_1_214' title='bbox 678 3985 1006 4034; x_wconf 87' lang='lat' dir='ltr'>versuum</span> <span class='ocrx_word' id='word_1_215' title='bbox 1038 3985 1302 4051; x_wconf 89' lang='lat' dir='ltr'>genera</span> <span class='ocrx_word' id='word_1_216' title='bbox 1335 3969 1753 4053; x_wconf 79' lang='lat' dir='ltr'>spectamuS,</span> <span class='ocrx_word' id='word_1_217' title='bbox 1793 3966 1965 4033; x_wconf 93' lang='lat' dir='ltr'>illud</span> <span class='ocrx_word' id='word_1_218' title='bbox 1999 3968 2387 4056; x_wconf 80' lang='lat' dir='ltr'>praesertim</span> <span class='ocrx_word' id='word_1_219' title='bbox 2421 3968 2602 4036; x_wconf 91' lang='lat' dir='ltr'>inter</span> 
     </span>
     <span class='ocr_line' id='line_1_31' title="bbox 328 4079 2600 4167; baseline -0 -18"><span class='ocrx_word' id='word_1_220' title='bbox 328 4081 783 4149; x_wconf 81' lang='lat' dir='ltr'>Pelletarium</span> <span class='ocrx_word' id='word_1_221' title='bbox 840 4079 1336 4164; x_wconf 84' lang='lat' dir='ltr'>Sibiletumque</span> <span class='ocrx_word' id='word_1_222' title='bbox 1394 4081 1765 4148; x_wconf 89' lang='lat' dir='ltr'>discrimen</span> <span class='ocrx_word' id='word_1_223' title='bbox 1816 4080 2040 4148; x_wconf 90' lang='lat' dir='ltr'>notari</span> <span class='ocrx_word' id='word_1_224' title='bbox 2103 4084 2362 4167; x_wconf 87' lang='lat' dir='ltr'>potest,</span> <span class='ocrx_word' id='word_1_225' title='bbox 2418 4082 2600 4166; x_wconf 93' lang='lat' dir='ltr'>quod</span> 
     </span>
     <span class='ocr_line' id='line_1_32' title="bbox 330 4195 2604 4280; baseline -0.001 -16"><span class='ocrx_word' id='word_1_226' title='bbox 330 4197 478 4279; x_wconf 92' lang='lat' dir='ltr'>ille,</span> <span class='ocrx_word' id='word_1_227' title='bbox 529 4196 783 4264; x_wconf 87' lang='lat' dir='ltr'>veteris</span> <span class='ocrx_word' id='word_1_228' title='bbox 820 4195 1095 4263; x_wconf 90' lang='lat' dir='ltr'>distichi</span> <span class='ocrx_word' id='word_1_229' title='bbox 1129 4214 1421 4280; x_wconf 90' lang='lat' dir='ltr'>memor,</span> <span class='ocrx_word' id='word_1_230' title='bbox 1465 4195 1834 4263; x_wconf 90' lang='lat' dir='ltr'>duodecim</span> <span class='ocrx_word' id='word_1_231' title='bbox 1879 4196 2255 4280; x_wconf 89' lang='lat' dir='ltr'>decemque</span> <span class='ocrx_word' id='word_1_232' title='bbox 2298 4196 2604 4280; x_wconf 85' lang='lat' dir='ltr'>syllaba·</span> 
     </span>
     <span class='ocr_line' id='line_1_33' title="bbox 332 4305 2602 4399; baseline 0 -23"><span class='ocrx_word' id='word_1_233' title='bbox 332 4328 494 4377; x_wconf 90' lang='lat' dir='ltr'>rum</span> <span class='ocrx_word' id='word_1_234' title='bbox 540 4327 784 4377; x_wconf 89' lang='lat' dir='ltr'>versus</span> <span class='ocrx_word' id='word_1_235' title='bbox 814 4305 1192 4399; x_wconf 75' lang='lat' dir='ltr'>&#39;impariter</span> <span class='ocrx_word' id='word_1_236' title='bbox 1223 4310 1502 4394; x_wconf 81' lang='lat' dir='ltr'>jnnctos</span> <span class='ocrx_word' id='word_1_237' title='bbox 1554 4309 1806 4395; x_wconf 82' lang='lat' dir='ltr'>elegiae</span> <span class='ocrx_word' id='word_1_238' title='bbox 1855 4309 2193 4394; x_wconf 88' lang='lat' dir='ltr'>assignat,</span> <span class='ocrx_word' id='word_1_239' title='bbox 2235 4309 2602 4378; x_wconf 82' lang='lat' dir='ltr'>duodecim</span> 
     </span>
    </p>
   </div>
   <div class='ocr_carea' id='block_1_3' title="bbox 337 4475 682 4486">
    <p class='ocr_par' dir='ltr' id='par_1_6' title="bbox 337 4475 682 4486">
     <span class='ocr_line' id='line_1_34' title="bbox 337 4475 682 4486; baseline 0 0"><span class='ocrx_word' id='word_1_240' title='bbox 337 4475 682 4486; x_wconf 95' lang='lat' dir='ltr'> </span> 
     </span>
    </p>
   </div>
   <div class='ocr_carea' id='block_1_4' title="bbox 393 4588 2097 4723">
    <p class='ocr_par' dir='ltr' id='par_1_7' title="bbox 393 4588 2097 4723">
     <span class='ocr_line' id='line_1_35' title="bbox 393 4588 2097 4648; baseline -0.001 -11"><span class='ocrx_word' id='word_1_241' title='bbox 393 4589 457 4643; x_wconf 73' lang='lat'>11)</span> <span class='ocrx_word' id='word_1_242' title='bbox 484 4607 509 4631; x_wconf 79' lang='grc' dir='ltr'>σι</span> <span class='ocrx_word' id='word_1_243' title='bbox 529 4590 598 4636; x_wconf 81' lang='lat' dir='ltr'>La</span> <span class='ocrx_word' id='word_1_244' title='bbox 618 4589 909 4648; x_wconf 73' lang='lat' dir='ltr'>republique</span> <span class='ocrx_word' id='word_1_245' title='bbox 928 4589 1064 4635; x_wconf 82' lang='lat' dir='ltr'>avoit</span> <span class='ocrx_word' id='word_1_246' title='bbox 1084 4588 1192 4635; x_wconf 77' lang='lat' dir='ltr'>este</span> <span class='ocrx_word' id='word_1_247' title='bbox 1218 4589 1415 4635; x_wconf 67' lang='lat' dir='ltr'>chau-ec</span> <span class='ocrx_word' id='word_1_248' title='bbox 1433 4601 1523 4647; x_wconf 84' lang='lat' dir='ltr'>par</span> <span class='ocrx_word' id='word_1_249' title='bbox 1540 4591 1587 4637; x_wconf 80' lang='lat' dir='ltr'>la</span> <span class='ocrx_word' id='word_1_250' title='bbox 1607 4593 1737 4636; x_wconf 70' lang='lat' dir='ltr'>mort</span> <span class='ocrx_word' id='word_1_251' title='bbox 1755 4590 1817 4636; x_wconf 85' lang='lat' dir='ltr'>de</span> <span class='ocrx_word' id='word_1_252' title='bbox 1837 4591 2040 4647; x_wconf 86' lang='lat' dir='ltr'>Scipion</span> <span class='ocrx_word' id='word_1_253' title='bbox 2054 4605 2097 4634; x_wconf 77' lang='grc' dir='ltr'>υ.</span> 
     </span>
     <span class='ocr_line' id='line_1_36' title="bbox 396 4667 1431 4723; baseline 0 -11"><span class='ocrx_word' id='word_1_254' title='bbox 396 4669 460 4723; x_wconf 75' lang='grc'>(2)</span> <span class='ocrx_word' id='word_1_255' title='bbox 487 4685 512 4708; x_wconf 74' lang='grc' dir='ltr'><strong>α</strong></span> <span class='ocrx_word' id='word_1_256' title='bbox 528 4669 623 4714; x_wconf 84' lang='lat' dir='ltr'>Les</span> <span class='ocrx_word' id='word_1_257' title='bbox 644 4670 887 4715; x_wconf 69' lang='lat' dir='ltr'>tenenti-es</span> <span class='ocrx_word' id='word_1_258' title='bbox 906 4667 968 4713; x_wconf 84' lang='lat' dir='ltr'>de</span> <span class='ocrx_word' id='word_1_259' title='bbox 993 4668 1376 4715; x_wconf 72' lang='lat' dir='ltr'>l’entendement</span> <span class='ocrx_word' id='word_1_260' title='bbox 1389 4684 1431 4712; x_wconf 73' lang='lat' dir='ltr'>n.</span> 
     </span>
    </p>
   </div>
  </div>
 </body>
</html>
