3561 5729
1357 669 1439 682 ...
1481 632 1556 696 19
1599 670 1676 681 .-

396 777 674 862 quidem
720 779 789 844 et
833 796 1076 864 parum
1124 778 1433 862 elegans,
1483 775 1788 866 ambiqui
1836 775 2148 867 rhythmi
2192 796 2438 862 genus,
2491 797 2646 844 cum

394 890 696 976 plurium
731 891 1151 975 syllabarum
1196 891 1558 972 vocabulo,
1603 892 1784 976 quod
1816 909 2093 958 versum
2125 892 2471 973 terminat,
2510 891 2646 957 duo

396 1004 507 1070 vel
535 1005 737 1090 plura
763 1005 1102 1072 vocabula
1135 1006 1206 1072 in
1239 1006 1456 1072 altero
1486 1025 1693 1072 versu
1727 1007 2168 1091 respondent,
2203 1006 2547 1072 diversam
2575 1005 2648 1070 in

396 1118 807 1184 sententiam
864 1119 1190 1200 admissa,
1261 1119 1383 1185 sed
1440 1122 1558 1184 aut
1613 1119 1859 1185 iisdem
1910 1122 2029 1185 aut
2079 1122 2263 1185 certe
2308 1118 2649 1185 similibus

396 1230 641 1297 litteris
676 1231 931 1320 scripta
964 1230 1071 1318 (l).
1109 1268 1200 1279 —
1242 1231 1529 1318 Respuit
1572 1232 1794 1297 Faber
1841 1250 2116 1298 omnem
2157 1231 2507 1298 licentiam
2536 1250 2651 1298 ac-

396 1344 612 1411 tivum
651 1345 1136 1430 passivumque
1170 1346 1460 1411 verbum
1490 1345 1670 1411 inter
1706 1363 1782 1411 se
1817 1345 2158 1431 sociandi3
2208 1346 2318 1411 vel
2361 1346 2649 1412 verbum

394 1481 550 1529 cum
592 1480 675 1528 eo
716 1461 1145 1528 substantivo
1168 1461 1536 1545 jungendi,
1574 1462 1755 1545 quod
1792 1480 1879 1528 ex
1913 1462 2062 1548 ipso
2106 1461 2474 1528 deductum
2510 1466 2644 1548 est;

393 1576 505 1641 vel
541 1575 677 1641 duo
712 1574 1050 1641 vocabula
1075 1574 1470 1656 maritandi,
1508 1592 1801 1659 quorum
1830 1593 2042 1642 unum
2074 1575 2264 1641 nulla
2292 1575 2431 1641 alia
2456 1594 2533 1642 re
2562 1576 2649 1642 ab

394 1691 614 1757 altero
664 1690 893 1772 distat,
950 1689 1082 1756 nisi
1143 1690 1323 1775 quod
1389 1690 1714 1776 adjuncta
1773 1692 1880 1757 est
1924 1691 2261 1776 particula
2302 1691 2646 1776 quaedam,

394 1823 530 1888 qua
575 1821 716 1870 non
760 1806 1064 1870 mutatur
1112 1804 1390 1888 quidem
1437 1823 1705 1886 sensus,
1763 1805 1885 1872 sed
1932 1807 2198 1872 tantum
2241 1808 2361 1872 aut
2402 1807 2652 1872 confir·-
2713 1842 2718 1848 ·

395 1921 623 1986 matur
655 1922 774 1986 aut
802 1921 1213 1985 extenuatur
1249 1919 1361 2006 (2).
1402 1956 1493 1967 —
1539 1921 1617 1985 In
1658 1916 1923 1986 leonini
1953 1917 2266 2008 rhythmi
2304 1920 2654 1986 condicio-

393 2052 552 2100 nem
597 2052 682 2099 ea
722 2034 877 2118 lege
926 2034 1350 2122 recipiuntur
1392 2033 1870 2118 monosyllaba
1913 2035 2126 2100 verba
2170 2053 2325 2119 quae
2373 2053 2648 2100 versum

394 2147 664 2226 finiunt,
710 2145 768 2211 si
823 2146 1157 2230 proximae
1201 2132 1489 2229 syllabae
1535 2146 1714 2211 inter
1765 2164 1841 2211 se
1889 2149 2073 2212 recte
2122 2147 2508 2230 congruant
2529 2143 2642 2232 (3).

395 2260 563 2323 Tum
639 2257 948 2343 sequitur
1012 2256 1192 2324 alius
1257 2254 1576 2325 leoninus
1643 2255 2036 2347 rhythmus,
2105 2258 2220 2343 qui
2285 2276 2425 2325 non
2489 2276 2649 2343 pro-

393 2371 847 2452 nuntiatione,
914 2371 1035 2437 sed
1088 2370 1335 2437 litteris
1380 2369 1487 2457 (4),
1543 2371 1654 2438 vel
1706 2370 1820 2455 qui
1873 2371 2454 2460 pronuntiatione,
2512 2390 2650 2439 non

393 2482 641 2550 litteris
675 2483 788 2570 (5),
840 2484 1088 2551 differt.
1147 2484 1344 2550 Haud
1394 2502 1559 2550 vero
1601 2484 1782 2550 inter
1835 2503 1910 2551 se
1952 2485 2320 2551 convenire
2363 2488 2651 2571 possunt

394 2598 733 2664 vocabula
774 2617 1090 2682 quorum,
1129 2598 1398 2665 etiamsi
1447 2598 1694 2664 iisdem
1737 2599 1983 2665 litteris
2025 2598 2433 2681 scribantur,
2478 2599 2651 2666 alte-

393 2728 548 2776 rum
591 2707 929 2778 dioeresim
967 2711 1247 2796 patitur,
1290 2710 1583 2778 alterum
1626 2729 1793 2777 vero
1836 2712 2008 2777 duos
2045 2713 2404 2778 ambarum
2438 2711 2648 2795 sylla-

393 2824 638 2891 barum
664 2841 871 2891 sonos
900 2824 971 2890 in
1001 2824 1506 2910 diphthongum
1537 2824 1724 2908 cogit
1749 2822 1855 2910 (6).
1895 2824 2061 2891 Inde
2096 2825 2402 2892 succedit
2428 2825 2649 2908 abjec-

391 2940 528 3007 tior
574 2941 852 3025 quidam
899 2937 1293 3029 rhythmus,
1344 2958 1500 3006 cum
1552 2940 1797 3007 ultima
1848 2940 2323 3007 tantummodo
2378 2940 2648 3024 syllaba

395 3054 688 3120 duorum
738 3055 857 3120 aut
909 3053 1206 3142 plurium
1258 3071 1583 3119 versuum
1629 3054 1872 3120 eadem
1919 3057 2047 3137 est,
2090 3054 2237 3120 sive
2278 3055 2446 3135 tota,
2498 3053 2645 3120 sive

385 3168 532 3252 jam
566 3167 876 3248 avocali,
909 3167 1055 3233 sive
1091 3170 1399 3233 extremo
1432 3166 1655 3233 solum
1686 3168 1875 3233 exitu
1897 3165 2002 3254 (7).
2048 3167 2331 3234 Accedit
2350 3167 2643 3252 denique

393 3279 769 3346 vilissimus
795 3279 1101 3345 omnium
1134 3276 1526 3368 rhythmus,
1565 3298 1769 3363 quem
1807 3280 2027 3345 Faber
2052 3279 2305 3363 gallice
2332 3302 2366 3342 «
2390 3279 2641 3346 rithme

393 3397 479 3462 de
530 3395 1075 3479 boute-chouque
1128 3415 1161 3456 »
1225 3394 1334 3460 vel
1388 3419 1421 3454 «
1471 3394 1722 3460 rithme
1774 3394 1861 3460 de
1908 3394 2110 3478 goret
2163 3415 2196 3457 ))
2252 3396 2453 3459 vocat
2509 3409 2523 3460 :
2571 3393 2643 3458 in

392 3508 708 3575 versibus
728 3508 841 3593 qui
863 3508 995 3574 hoc
1017 3505 1497 3596 rhythmorum
1526 3526 1748 3592 genus
1772 3508 2137 3592 recipiunt,
2161 3506 2345 3573 idem
2371 3524 2644 3595 semper

393 3622 815 3707 syllabarum
838 3639 1167 3688 numerus
1198 3624 1325 3704 est,
1357 3621 1477 3688 sed
1504 3638 1749 3687 vocum
1786 3620 2010 3686 exitus
2045 3620 2325 3685 minime
2356 3620 2534 3685 inter
2566 3636 2641 3685 se

393 3738 783 3819 congruunt
803 3731 918 3821 (8);
956 3734 1165 3800 talem
1193 3734 1357 3800 olim
1382 3732 1784 3823 rhythmum
1821 3737 1893 3800 ut
1916 3734 2063 3823 ipse
2095 3734 2315 3799 Faber
2338 3732 2644 3799 animad-

392 3847 620 3930 vertit,
676 3849 948 3913 veteres
1006 3846 1076 3912 in
1130 3846 1355 3914 Gallia
1412 3846 1763 3932 epicorum
1820 3845 2201 3913 carminum
2272 3845 2641 3933 scriptores

444 4121 507 4177 (1)
525 4122 808 4176 Εωοοὶὶσποο,
828 4122 995 4165 ooecello
1012 4134 1069 4165 en
1086 4134 1149 4176 ce,
1232 4123 1448 4178 fontem,
1467 4126 1575 4178 qen!
1597 4127 1759 4176 temps.

447 4199 660 4256 (2le10,
681 4200 923 4243 tros-bello.

448 4279 507 4333 (3)
524 4279 781 4332 Moechum,
801 4289 897 4320 meo
919 4277 1105 4331 chanan,
1123 4287 1220 4320 mu
1236 4276 1448 4330 champae.

440 4357 504 4413 (4)
527 4357 718 4411 amuco,
735 4358 862 4413 jum
880 4368 997 4411 μω.

440 4436 502 4491 (5)
519 4437 673 4490 Poste,
697 4440 831 4479 costo.

441 4513 504 4565 (6)
528 4513 785 4567 Cos-delier,
803 4514 965 4556 corda
984 4511 1088 4556 lior.

442 4589 506 4645 (7)
522 4591 665 4645 Amy,
682 4602 835 4645 remu,
855 4591 956 4644 luy.

448 4667 505 4721 )8)
521 4668 722 4722 Placere,
741 4672 883 4724 qaue,
903 4679 1121 4724 cumqe.
