3561 5729
1299 619 1645 679 “117—

422 770 618 847 Quod
665 786 831 833 vero
873 768 963 833 ad
995 767 1411 851 tragoediam
1465 768 1755 851 spectat,
1801 768 2215 849 argumenta
2242 784 2331 831 ex
2377 764 2595 831 sacris

332 879 645 948 historiis
673 878 886 964 petita
923 896 1274 961 nunquam
1312 881 1538 962 poetae
1574 876 1857 942 omnino
1899 875 2373 941 deseruerant.
2414 877 2596 950 Qua-

332 993 733 1078 dragesimo
766 990 1006 1059 saeculi
1042 1009 1223 1058 anno
1258 991 1716 1058 Buchananus
1747 990 1820 1055 in
1864 988 2262 1072 Burdigalae
2297 988 2595 1073 collegio

332 1105 510 1171 duas
544 1103 779 1170 docuit
822 1102 1118 1184 fabulaS,
1152 1119 1333 1185 quae,
1368 1101 1684 1185 quamvis
1711 1101 1821 1166 'ad
1850 1100 2306 1166 imitationem
2340 1118 2596 1183 graecae

333 1236 592 1287 scaenae
621 1216 1161 1284 accommodatae
1196 1220 1449 1297 essent,
1474 1234 1561 1281 ex
1594 1216 1946 1304 Scriptura
1974 1219 2206 1281 tamen
2235 1216 2598 1281 materiam

328 1333 747 1417 hauserant3
815 1350 952 1397 una
1012 1330 1198 1396 enim
1247 1331 1307 1397 J
1303 1348 1561 1398 oannes
1622 1329 2017 1419 Baptistae,
2088 1331 2309 1397 altera
2363 1334 2595 1397 autem

326 1443 579 1534 Jeplzte
607 1444 939 1533 inscripta
963 1447 1134 1509 erat.
1175 1443 1507 1510 Undecim
1543 1446 1695 1528 post
1729 1444 1956 1524 annis,
1994 1444 2393 1510 Theodorus
2423 1445 2600 1509 Beza

329 1555 742 1648 mysteri-um
799 1558 1171 1641 quoddam,
1236 1560 1308 1624 in
1367 1560 1752 1623 Lausannae
1803 1557 2294 1637 Universitate,
2343 1575 2597 1624 scaenae

332 1672 717 1753 mandavit,
744 1671 854 1738 cui
887 1671 1127 1738 titulus
1160 1668 1623 1738 Abrahamus'.
1666 1670 2001 1736 Jodellius
2047 1670 2351 1754 quidem,
2387 1673 2601 1754 justae

333 1787 814 1871 legitimaeque
842 1785 1212 1869 tragoediae
1248 1803 1524 1874 parens,
1551 1803 1690 1850 non
1709 1786 1865 1868 jam
1895 1803 1983 1849 ex
2013 1784 2411 1851 christianae
2447 1785 2601 1850 reli-

333 1900 574 1985 gionis
609 1900 1073 1966 monumentis
1103 1902 1515 1983 argumenta
1547 1898 1768 1983 petiit,
1813 1897 1933 1963 sed
1969 1917 2057 1963 ex
2085 1915 2321 1991 graeca
2352 1898 2601 1964 latina-

335 2034 472 2100 que
504 2014 933 2098 antiquitate.
960 2015 1049 2079 At
1077 2012 1466 2096 quindecim
1505 2016 1660 2098 post
1692 2013 1918 2093 annis,
1938 2030 2145 2096 quam
2170 2009 2602 2100 Cleopatram

334 2130 488 2214 ipse
538 2128 902 2208 docuerat,
951 2130 1094 2192 tres
1141 2126 1525 2210 tragoedias
1581 2125 1925 2191 Masurius
1956 2126 2387 2210 composuit,
2444 2145 2601 2210 quae

333 2238 576 2309 David
598 2258 949 2329 paqnans,
987 2237 1300 2328 fayiens,
1333 2237 1552 2306 victor
1580 2238 1933 2324 inscriptae
1955 2242 2136 2305 sunt.
2168 2238 2429 2305 Eodem
2454 2239 2600 2305 sere

336 2358 653 2442 tempore
682 2353 969 2420 Florens
1000 2353 1427 2419 Christianus
1462 2351 1862 2418 Buchanani
1900 2351 2320 2436 tragoediam
2349 2351 2602 2436 gallice

336 2468 571 2533 vertit.
613 2467 1136 2552 Septuagesimo
1176 2466 1479 2533 secundo
1505 2465 1743 2532 saeculi
1779 2483 1988 2548 anno,
2014 2467 2312 2531 Jacobus
2336 2484 2379 2531 a
2411 2465 2603 2531 Talia

339 2580 650 2646 fabulam
680 2580 903 2662 docet,
933 2580 1042 2646 cui
1067 2576 1245 2647 Saul
1271 2577 1594 2667 furiosus
1616 2578 1857 2644 titulus
1887 2581 2015 2660 est,
2039 2588 2132 2659 et,
2156 2579 2227 2644 in
2250 2596 2601 2644 commen-

337 2694 629 2776 tatione,
668 2712 874 2777 quam
906 2693 979 2759 in
1002 2692 1227 2778 prima
1251 2693 1481 2782 operis
1506 2692 1728 2758 fronte
1750 2692 2152 2781 praeposuit,
2190 2694 2603 2775 argumenta

338 2829 431 2877 ex
485 2809 706 2877 sacris
763 2809 1072 2877 historiis
1132 2810 1381 2876 hausta
1444 2808 1648 2876 valde
1705 2809 2163 2876 commendat.
2228 2809 2395 2876 Octo
2448 2810 2604 2897 post

337 2923 544 2989 annis
600 2924 974 2990 Garnerius
1025 2921 1376 2990 Sedeciam
1431 2924 1702 2989 theatro
1768 2923 2152 2990 committit.
2218 2925 2296 2988 In
2358 2923 2602 3008 primis

337 3036 638 3120 denique
694 3036 990 3121 proximi
1051 3036 1290 3102 saeculi
1346 3037 1800 3122 temporibuS,
1860 3037 2200 3103 Antonius
2264 3055 2307 3102 a
2367 3038 2597 3102 Monte

344 3148 724 3214 christiano
781 3144 1146 3226 Davidem,
1201 3148 1347 3214 sive
1385 3144 1833 3225 Adulterum,
1900 3150 1969 3213 et
2017 3147 2396 3231 Amanum,
2452 3148 2600 3214 sive

360 3259 775 3344 Vanitatem,
810 3280 1062 3328 scaenae
1094 3263 1397 3328 mandat.

433 3376 778 3457 Ceterum,
815 3377 1081 3443 Graecae
1116 3378 1512 3461 Latinaeque
1546 3377 1913 3461 tragoediae
1960 3376 2279 3456 imitatio,
2325 3375 2600 3460 qualem

342 3489 714 3558 effinxerat
754 3490 1113 3572 Jodellius,
1163 3490 1543 3556 dramatica
1590 3490 1839 3556 mediae
1888 3490 2114 3556 aetatis
2153 3508 2416 3573 genera
2460 3508 2602 3555 non

342 3604 620 3693 penitus
666 3603 1112 3669 exstinxerat.
1162 3604 1485 3670 Pervenit
1529 3604 1618 3669 ad
1676 3622 1802 3670 nos
1859 3604 2093 3669 fabula
2138 3603 2458 3687 quaedam
2516 3603 2601 3668 de

341 3717 559 3783 Caino
597 3733 642 3781 a
674 3716 935 3782 Thoma
967 3715 1191 3797 Gallo,
1224 3716 1649 3800 octogesimo
1679 3716 1918 3782 saeculi
1954 3734 2161 3797 ann0,
2193 3715 2598 3804 composita,

343 3846 529 3914 quae,
564 3828 879 3912 quamvis
916 3828 1282 3912 tragoediae
1318 3828 1589 3895 titulum
1613 3830 1823 3911 serat,
1863 3828 2038 3894 nihil
2085 3828 2273 3894 aliud
2308 3832 2435 3908 est,
2470 3826 2603 3892 nisi

341 3933 777 4026 mysterium.
813 3937 1237 4002 Normannia
1264 3937 1645 4025 provincia,
1683 3938 1754 4004 in
1785 3957 1922 4022 qua
1946 3941 2150 4004 natus
2175 3943 2323 4004 erat
2356 3937 2607 4002 Valke-

345 4049 533 4116 linus
570 4055 639 4117 et
683 4053 899 4117 totam
927 4055 1205 4117 aetatem
1238 4051 1407 4136 egit,
1464 4051 1999 4118 christianarum
2041 4052 2427 4118 fabularum
2461 4059 2604 4117 stu-

351 4162 749 4231 diosissima
784 4169 947 4231 tunc
980 4164 1189 4230 etiam
1225 4169 1724 4253 permanserat,
1762 4168 2125 4250 postquam
2160 4184 2415 4249 graecae
2448 4165 2605 4231 lati-

345 4295 596 4361 naeque
648 4277 1009 4344 vetustatis
1061 4296 1381 4363 personae
1438 4296 1741 4344 scaenam
1795 4284 2101 4345 nostram
2141 4281 2291 4363 jam
2332 4280 2606 4345 invase-

348 4400 537 4479 rant;
590 4411 719 4459 nec
778 4393 1077 4459 dubitari
1129 4396 1378 4478 potest,
1438 4393 1603 4477 quin
1653 4397 1856 4478 poeta
1911 4391 2264 4482 mysteriis
2313 4394 2605 4478 agendis

350 4510 613 4599 saepius
648 4510 1055 4577 interfuerit.

439 4626 591 4692 Non
625 4629 857 4692 tamen
887 4626 1035 4708 ejus
1062 4627 1343 4710 generis
1381 4627 1672 4692 sormam
1705 4625 2005 4692 retinere
2038 4624 2207 4692 velit
2244 4641 2258 4691 :
2294 4629 2604 4692 veterum
