<?xml version="1.0" encoding="UTF-8"?>
<!DOCTYPE html PUBLIC "-//W3C//DTD XHTML 1.0 Transitional//EN"
    "http://www.w3.org/TR/xhtml1/DTD/xhtml1-transitional.dtd">
<html xmlns="http://www.w3.org/1999/xhtml" xml:lang="en" lang="en">
 <head>
  <title>
</title>
<meta http-equiv="Content-Type" content="text/html;charset=utf-8" />
  <meta name='ocr-system' content='tesseract 3.04.00' />
  <meta name='ocr-capabilities' content='ocr_page ocr_carea ocr_par ocr_line ocrx_word'/>
</head>
<body>
  <div class='ocr_page' id='page_1' title='image "./desextidecimisa00pellgoog_0125.png"; bbox 0 0 3561 5729; ppageno 0'>
   <div class='ocr_carea' id='block_1_1' title="bbox 1333 634 1688 698">
    <p class='ocr_par' dir='ltr' id='par_1_1' title="bbox 1333 634 1688 698">
     <span class='ocr_line' id='line_1_1' title="bbox 1333 634 1688 698; baseline 0.003 -3"><span class='ocrx_word' id='word_1_1' title='bbox 1333 634 1688 698; x_wconf 79' lang='lat'>-121—</span> 
     </span>
    </p>
   </div>
   <div class='ocr_carea' id='block_1_2' title="bbox 351 774 2643 1199">
    <p class='ocr_par' dir='ltr' id='par_1_2' title="bbox 351 774 2643 1199">
     <span class='ocr_line' id='line_1_2' title="bbox 356 774 2638 866; baseline 0 -20"><span class='ocrx_word' id='word_1_2' title='bbox 356 774 888 866; x_wconf 72' lang='lat' dir='ltr'>Rhytlmwrwm</span> <span class='ocrx_word' id='word_1_3' title='bbox 929 775 1209 860; x_wconf 91' lang='lat' dir='ltr'>quidem</span> <span class='ocrx_word' id='word_1_4' title='bbox 1256 776 1666 843; x_wconf 89' lang='lat' dir='ltr'>Valkelinus</span> <span class='ocrx_word' id='word_1_5' title='bbox 1712 796 1852 844; x_wconf 95' lang='lat' dir='ltr'>non</span> <span class='ocrx_word' id='word_1_6' title='bbox 1904 779 2294 847; x_wconf 87' lang='lat' dir='ltr'>incuriosus</span> <span class='ocrx_word' id='word_1_7' title='bbox 2337 783 2466 861; x_wconf 87' lang='lat' dir='ltr'>est,</span> <span class='ocrx_word' id='word_1_8' title='bbox 2517 781 2638 847; x_wconf 90' lang='lat' dir='ltr'>sed</span> 
     </span>
     <span class='ocr_line' id='line_1_3' title="bbox 351 887 2639 977; baseline 0 -20"><span class='ocrx_word' id='word_1_9' title='bbox 351 894 609 957; x_wconf 77' lang='lat' dir='ltr'>tamen</span> <span class='ocrx_word' id='word_1_10' title='bbox 646 888 1001 955; x_wconf 81' lang='lat' dir='ltr'><strong>licentiam</strong></span> <span class='ocrx_word' id='word_1_11' title='bbox 1050 887 1426 973; x_wconf 88' lang='lat' dir='ltr'>aliquando</span> <span class='ocrx_word' id='word_1_12' title='bbox 1479 889 1714 971; x_wconf 89' lang='lat' dir='ltr'>sumit,</span> <span class='ocrx_word' id='word_1_13' title='bbox 1774 908 1958 974; x_wconf 87' lang='lat' dir='ltr'>quae,</span> <span class='ocrx_word' id='word_1_14' title='bbox 2009 909 2404 975; x_wconf 82' lang='lat' dir='ltr'><strong>quanquam</strong></span> <span class='ocrx_word' id='word_1_15' title='bbox 2454 893 2639 977; x_wconf 91' lang='lat' dir='ltr'>apud</span> 
     </span>
     <span class='ocr_line' id='line_1_4' title="bbox 355 1001 2643 1091; baseline 0.002 -23"><span class='ocrx_word' id='word_1_16' title='bbox 355 1001 705 1083; x_wconf 82' lang='lat' dir='ltr'>amicum,</span> <span class='ocrx_word' id='word_1_17' title='bbox 742 1002 1122 1068; x_wconf 86' lang='lat' dir='ltr'>Malherbae</span> <span class='ocrx_word' id='word_1_18' title='bbox 1156 1001 1704 1086; x_wconf 73' lang='lat' dir='ltr'>indignationem</span> <span class='ocrx_word' id='word_1_19' title='bbox 1741 1003 2049 1091; x_wconf 87' lang='lat' dir='ltr'>profecto</span> <span class='ocrx_word' id='word_1_20' title='bbox 2080 1005 2432 1072; x_wconf 83' lang='lat' dir='ltr'>movisset.</span> <span class='ocrx_word' id='word_1_21' title='bbox 2468 1007 2643 1073; x_wconf 90' lang='lat' dir='ltr'>Ver-</span> 
     </span>
     <span class='ocr_line' id='line_1_5' title="bbox 357 1113 2640 1199; baseline 0.002 -19"><span class='ocrx_word' id='word_1_22' title='bbox 357 1115 625 1181; x_wconf 85' lang='lat' dir='ltr'>borum</span> <span class='ocrx_word' id='word_1_23' title='bbox 654 1114 952 1198; x_wconf 91' lang='lat' dir='ltr'>denique</span> <span class='ocrx_word' id='word_1_24' title='bbox 986 1113 1442 1195; x_wconf 81' lang='lat' dir='ltr'>inversioneS,</span> <span class='ocrx_word' id='word_1_25' title='bbox 1480 1132 1652 1199; x_wconf 89' lang='lat' dir='ltr'>quas</span> <span class='ocrx_word' id='word_1_26' title='bbox 1692 1116 2094 1183; x_wconf 90' lang='lat' dir='ltr'>Ronsardus</span> <span class='ocrx_word' id='word_1_27' title='bbox 2136 1117 2206 1183; x_wconf 91' lang='lat' dir='ltr'>in</span> <span class='ocrx_word' id='word_1_28' title='bbox 2249 1136 2640 1185; x_wconf 88' lang='lat' dir='ltr'>sermonem</span> 
     </span>
    </p>
   </div>
   <div class='ocr_carea' id='block_1_3' title="bbox 357 1228 2643 1407">
    <p class='ocr_par' dir='ltr' id='par_1_3' title="bbox 357 1228 2643 1407">
     <span class='ocr_line' id='line_1_6' title="bbox 360 1228 2643 1314; baseline 0.002 -20"><span class='ocrx_word' id='word_1_29' title='bbox 360 1229 725 1313; x_wconf 88' lang='lat' dir='ltr'>poeticum</span> <span class='ocrx_word' id='word_1_30' title='bbox 775 1228 1098 1314; x_wconf 89' lang='lat' dir='ltr'>princeps</span> <span class='ocrx_word' id='word_1_31' title='bbox 1145 1228 1537 1312; x_wconf 81' lang='lat' dir='ltr'>induxerat,</span> <span class='ocrx_word' id='word_1_32' title='bbox 1581 1230 1656 1295; x_wconf 92' lang='lat' dir='ltr'>in</span> <span class='ocrx_word' id='word_1_33' title='bbox 1710 1232 1877 1296; x_wconf 86' lang='lat' dir='ltr'>Arte</span> <span class='ocrx_word' id='word_1_34' title='bbox 1927 1231 2367 1299; x_wconf 84' lang='lat' dir='ltr'>creberrimae</span> <span class='ocrx_word' id='word_1_35' title='bbox 2401 1251 2643 1299; x_wconf 91' lang='lat' dir='ltr'>occur-</span> 
     </span>
     <span class='ocr_line' id='line_1_7' title="bbox 357 1342 590 1407; baseline 0.009 -2"><span class='ocrx_word' id='word_1_36' title='bbox 357 1342 590 1407; x_wconf 86' lang='lat' dir='ltr'>runt:</span> 
     </span>
    </p>
   </div>
   <div class='ocr_carea' id='block_1_4' title="bbox 506 1554 2576 2321">
    <p class='ocr_par' dir='ltr' id='par_1_4' title="bbox 511 1554 2535 1755">
     <span class='ocr_line' id='line_1_8' title="bbox 511 1554 2535 1647; baseline 0.003 -27"><span class='ocrx_word' id='word_1_37' title='bbox 511 1555 694 1620; x_wconf 91' lang='lat' dir='ltr'>Pour</span> <span class='ocrx_word' id='word_1_38' title='bbox 722 1571 819 1620; x_wconf 92' lang='lat' dir='ltr'>un</span> <span class='ocrx_word' id='word_1_39' title='bbox 856 1554 915 1620; x_wconf 88' lang='lat' dir='ltr'>si</span> <span class='ocrx_word' id='word_1_40' title='bbox 946 1555 1171 1638; x_wconf 80' lang='lat' dir='ltr'>grand</span> <span class='ocrx_word' id='word_1_41' title='bbox 1201 1572 1510 1638; x_wconf 81' lang='lat' dir='ltr'>ouvrage</span> <span class='ocrx_word' id='word_1_42' title='bbox 1545 1573 1632 1621; x_wconf 91' lang='lat' dir='ltr'>en</span> <span class='ocrx_word' id='word_1_43' title='bbox 1674 1555 1973 1639; x_wconf 71' lang='lat' dir='ltr'>francois</span> <span class='ocrx_word' id='word_1_44' title='bbox 2019 1559 2397 1647; x_wconf 88' lang='lat' dir='ltr'>accomplir</span> <span class='ocrx_word' id='word_1_45' title='bbox 2425 1557 2535 1646; x_wconf 92' lang='grc' dir='ltr'>(Ι).</span> 
     </span>
     <span class='ocr_line' id='line_1_9' title="bbox 511 1668 2199 1755; baseline 0.002 -21"><span class='ocrx_word' id='word_1_46' title='bbox 511 1670 917 1734; x_wconf 89' lang='lat' dir='ltr'>Autrement</span> <span class='ocrx_word' id='word_1_47' title='bbox 944 1668 1214 1753; x_wconf 89' lang='lat' dir='ltr'>Apolon</span> <span class='ocrx_word' id='word_1_48' title='bbox 1243 1686 1332 1733; x_wconf 94' lang='lat' dir='ltr'>ne</span> <span class='ocrx_word' id='word_1_49' title='bbox 1365 1668 1656 1751; x_wconf 89' lang='lat' dir='ltr'>guidant</span> <span class='ocrx_word' id='word_1_50' title='bbox 1686 1670 1882 1753; x_wconf 90' lang='lat' dir='ltr'>point</span> <span class='ocrx_word' id='word_1_51' title='bbox 1914 1687 2040 1736; x_wconf 92' lang='lat' dir='ltr'>nos</span> <span class='ocrx_word' id='word_1_52' title='bbox 2073 1689 2199 1755; x_wconf 90' lang='lat' dir='ltr'>pas</span> 
     </span>
    </p>

    <p class='ocr_par' dir='ltr' id='par_1_5' title="bbox 510 1784 2576 2096">
     <span class='ocr_line' id='line_1_10' title="bbox 510 1784 2443 1872; baseline 0.002 -23"><span class='ocrx_word' id='word_1_53' title='bbox 510 1786 780 1851; x_wconf 91' lang='lat' dir='ltr'>Monter</span> <span class='ocrx_word' id='word_1_54' title='bbox 813 1802 904 1850; x_wconf 89' lang='lat' dir='ltr'>au</span> <span class='ocrx_word' id='word_1_55' title='bbox 937 1784 1188 1851; x_wconf 92' lang='lat' dir='ltr'>double</span> <span class='ocrx_word' id='word_1_56' title='bbox 1222 1787 1415 1850; x_wconf 90' lang='lat' dir='ltr'>mont</span> <span class='ocrx_word' id='word_1_57' title='bbox 1446 1803 1534 1850; x_wconf 90' lang='lat' dir='ltr'>ne</span> <span class='ocrx_word' id='word_1_58' title='bbox 1568 1801 1743 1851; x_wconf 92' lang='lat' dir='ltr'>nous</span> <span class='ocrx_word' id='word_1_59' title='bbox 1771 1785 2149 1852; x_wconf 86' lang='lat' dir='ltr'>souffriroit</span> <span class='ocrx_word' id='word_1_60' title='bbox 2182 1804 2306 1871; x_wconf 88' lang='lat' dir='ltr'>pas</span> <span class='ocrx_word' id='word_1_61' title='bbox 2340 1785 2443 1872; x_wconf 99' lang='grc' dir='ltr'>(Ι).</span> 
     </span>
     <span class='ocr_line' id='line_1_11' title="bbox 513 1898 2576 1989; baseline 0.002 -25"><span class='ocrx_word' id='word_1_62' title='bbox 513 1899 595 1965; x_wconf 91' lang='lat' dir='ltr'>Et</span> <span class='ocrx_word' id='word_1_63' title='bbox 623 1898 1070 1965; x_wconf 89' lang='lat' dir='ltr'>truchemens</span> <span class='ocrx_word' id='word_1_64' title='bbox 1114 1899 1236 1964; x_wconf 94' lang='lat' dir='ltr'>des</span> <span class='ocrx_word' id='word_1_65' title='bbox 1270 1898 1482 1965; x_wconf 82' lang='lat' dir='ltr'>dieux</span> <span class='ocrx_word' id='word_1_66' title='bbox 1514 1899 1873 1985; x_wconf 80' lang='lat' dir='ltr'>beaucoup</span> <span class='ocrx_word' id='word_1_67' title='bbox 1913 1900 2018 1967; x_wconf 93' lang='lat' dir='ltr'>les</span> <span class='ocrx_word' id='word_1_68' title='bbox 2050 1900 2444 1989; x_wconf 85' lang='lat' dir='ltr'>appeloient</span> <span class='ocrx_word' id='word_1_69' title='bbox 2473 1900 2576 1989; x_wconf 85' lang='grc' dir='ltr'>(Ι).</span> 
     </span>
     <span class='ocr_line' id='line_1_12' title="bbox 512 2011 2106 2096; baseline 0.001 -19"><span class='ocrx_word' id='word_1_70' title='bbox 512 2013 642 2078; x_wconf 89' lang='lat' dir='ltr'>Les</span> <span class='ocrx_word' id='word_1_71' title='bbox 680 2013 915 2077; x_wconf 83' lang='lat' dir='ltr'>autres</span> <span class='ocrx_word' id='word_1_72' title='bbox 949 2011 1103 2096; x_wconf 91' lang='lat' dir='ltr'>plus</span> <span class='ocrx_word' id='word_1_73' title='bbox 1135 2011 1369 2094; x_wconf 89' lang='lat' dir='ltr'>legers</span> <span class='ocrx_word' id='word_1_74' title='bbox 1401 2011 1504 2077; x_wconf 89' lang='lat' dir='ltr'>les</span> <span class='ocrx_word' id='word_1_75' title='bbox 1529 2011 1798 2078; x_wconf 88' lang='lat' dir='ltr'>actions</span> <span class='ocrx_word' id='word_1_76' title='bbox 1831 2013 2106 2096; x_wconf 88' lang='lat' dir='ltr'>legeres</span> 
     </span>
    </p>

    <p class='ocr_par' dir='ltr' id='par_1_6' title="bbox 509 2119 1516 2208">
     <span class='ocr_line' id='line_1_13' title="bbox 509 2119 1516 2208; baseline -0.002 -19"><span class='ocrx_word' id='word_1_77' title='bbox 509 2121 858 2189; x_wconf 89' lang='lat' dir='ltr'>Imitoient</span> <span class='ocrx_word' id='word_1_78' title='bbox 890 2122 1014 2188; x_wconf 92' lang='lat' dir='ltr'>des</span> <span class='ocrx_word' id='word_1_79' title='bbox 1048 2121 1384 2207; x_wconf 92' lang='lat' dir='ltr'>premiers</span> <span class='ocrx_word' id='word_1_80' title='bbox 1422 2119 1516 2208; x_wconf 92' lang='lat'>(1).</span> 
     </span>
    </p>

    <p class='ocr_par' dir='ltr' id='par_1_7' title="bbox 506 2231 2037 2321">
     <span class='ocr_line' id='line_1_14' title="bbox 506 2231 2037 2321; baseline 0 -19"><span class='ocrx_word' id='word_1_81' title='bbox 506 2237 645 2302; x_wconf 89' lang='lat' dir='ltr'>Par</span> <span class='ocrx_word' id='word_1_82' title='bbox 672 2234 736 2302; x_wconf 92' lang='lat' dir='ltr'>ci</span> <span class='ocrx_word' id='word_1_83' title='bbox 762 2252 889 2320; x_wconf 95' lang='lat' dir='ltr'>par</span> <span class='ocrx_word' id='word_1_84' title='bbox 916 2235 986 2300; x_wconf 90' lang='lat' dir='ltr'>la</span> <span class='ocrx_word' id='word_1_85' title='bbox 1018 2231 1234 2300; x_wconf 78' lang='lat' dir='ltr'>mesle</span> <span class='ocrx_word' id='word_1_86' title='bbox 1263 2234 1413 2300; x_wconf 89' lang='lat' dir='ltr'>rien</span> <span class='ocrx_word' id='word_1_87' title='bbox 1443 2233 1554 2318; x_wconf 87' lang='lat' dir='ltr'>icy</span> <span class='ocrx_word' id='word_1_88' title='bbox 1578 2236 1654 2300; x_wconf 92' lang='lat' dir='ltr'>tu</span> <span class='ocrx_word' id='word_1_89' title='bbox 1689 2252 1777 2300; x_wconf 93' lang='lat' dir='ltr'>ne</span> <span class='ocrx_word' id='word_1_90' title='bbox 1811 2233 1899 2300; x_wconf 93' lang='lat' dir='ltr'>lis</span> <span class='ocrx_word' id='word_1_91' title='bbox 1936 2231 2037 2321; x_wconf 93' lang='grc' dir='ltr'>(Ι).</span> 
     </span>
    </p>
   </div>
   <div class='ocr_carea' id='block_1_5' title="bbox 369 2460 2643 3663">
    <p class='ocr_par' dir='ltr' id='par_1_8' title="bbox 369 2460 2643 3663">
     <span class='ocr_line' id='line_1_15' title="bbox 470 2460 2639 2545; baseline 0 -17"><span class='ocrx_word' id='word_1_92' title='bbox 470 2463 664 2537; x_wconf 87' lang='lat' dir='ltr'>Quod</span> <span class='ocrx_word' id='word_1_93' title='bbox 707 2462 796 2528; x_wconf 89' lang='lat' dir='ltr'>ad</span> <span class='ocrx_word' id='word_1_94' title='bbox 829 2462 1144 2545; x_wconf 89' lang='lat' dir='ltr'>linguam</span> <span class='ocrx_word' id='word_1_95' title='bbox 1187 2460 1453 2542; x_wconf 86' lang='lat' dir='ltr'>attinet,</span> <span class='ocrx_word' id='word_1_96' title='bbox 1487 2479 1575 2526; x_wconf 82' lang='lat' dir='ltr'>ex</span> <span class='ocrx_word' id='word_1_97' title='bbox 1605 2477 1743 2545; x_wconf 87' lang='lat' dir='ltr'>qua</span> <span class='ocrx_word' id='word_1_98' title='bbox 1773 2461 1877 2525; x_wconf 91' lang='lat' dir='ltr'>tot</span> <span class='ocrx_word' id='word_1_99' title='bbox 1909 2460 2248 2526; x_wconf 85' lang='lat' dir='ltr'>vocabula</span> <span class='ocrx_word' id='word_1_100' title='bbox 2280 2462 2639 2529; x_wconf 87' lang='lat' dir='ltr'>Malherba.</span> 
     </span>
     <span class='ocr_line' id='line_1_16' title="bbox 370 2562 2638 2659; baseline -0 -18"><span class='ocrx_word' id='word_1_101' title='bbox 370 2574 669 2659; x_wconf 84' lang='lat' dir='ltr'>expulit,</span> <span class='ocrx_word' id='word_1_102' title='bbox 707 2573 1058 2640; x_wconf 86' lang='lat' dir='ltr'>fatendum</span> <span class='ocrx_word' id='word_1_103' title='bbox 1093 2562 1371 2657; x_wconf 87' lang='lat' dir='ltr'>quidem</span> <span class='ocrx_word' id='word_1_104' title='bbox 1406 2574 1513 2639; x_wconf 87' lang='lat' dir='ltr'>est</span> <span class='ocrx_word' id='word_1_105' title='bbox 1555 2590 1697 2638; x_wconf 94' lang='lat' dir='ltr'>non</span> <span class='ocrx_word' id='word_1_106' title='bbox 1732 2572 1977 2638; x_wconf 89' lang='lat' dir='ltr'>eodem</span> <span class='ocrx_word' id='word_1_107' title='bbox 2021 2573 2369 2639; x_wconf 89' lang='lat' dir='ltr'>scribendi</span> <span class='ocrx_word' id='word_1_108' title='bbox 2407 2576 2638 2641; x_wconf 89' lang='lat' dir='ltr'>colore</span> 
     </span>
     <span class='ocr_line' id='line_1_17' title="bbox 372 2685 2640 2774; baseline 0 -21"><span class='ocrx_word' id='word_1_109' title='bbox 372 2690 618 2754; x_wconf 87' lang='lat' dir='ltr'>Artem</span> <span class='ocrx_word' id='word_1_110' title='bbox 648 2687 986 2773; x_wconf 87' lang='lat' dir='ltr'>poeticam</span> <span class='ocrx_word' id='word_1_111' title='bbox 1022 2686 1262 2767; x_wconf 91' lang='lat' dir='ltr'>imbui,</span> <span class='ocrx_word' id='word_1_112' title='bbox 1300 2703 1434 2769; x_wconf 91' lang='lat' dir='ltr'>quo</span> <span class='ocrx_word' id='word_1_113' title='bbox 1471 2685 1850 2774; x_wconf 85' lang='lat' dir='ltr'>pastoralia</span> <span class='ocrx_word' id='word_1_114' title='bbox 1879 2686 2341 2753; x_wconf 90' lang='lat' dir='ltr'>adulescentis</span> <span class='ocrx_word' id='word_1_115' title='bbox 2378 2688 2640 2754; x_wconf 88' lang='lat' dir='ltr'>Valke-</span> 
     </span>
     <span class='ocr_line' id='line_1_18' title="bbox 369 2798 2642 2886; baseline 0 -20"><span class='ocrx_word' id='word_1_116' title='bbox 369 2799 500 2866; x_wconf 85' lang='lat' dir='ltr'>lini</span> <span class='ocrx_word' id='word_1_117' title='bbox 538 2802 881 2886; x_wconf 89' lang='lat' dir='ltr'>poemata.</span> <span class='ocrx_word' id='word_1_118' title='bbox 918 2798 1260 2883; x_wconf 85' lang='lat' dir='ltr'>Quidquid</span> <span class='ocrx_word' id='word_1_119' title='bbox 1286 2798 1491 2864; x_wconf 88' lang='lat' dir='ltr'>nimis</span> <span class='ocrx_word' id='word_1_120' title='bbox 1524 2798 1724 2864; x_wconf 86' lang='lat' dir='ltr'>ardui</span> <span class='ocrx_word' id='word_1_121' title='bbox 1754 2798 1826 2864; x_wconf 90' lang='lat' dir='ltr'>in</span> <span class='ocrx_word' id='word_1_122' title='bbox 1852 2799 2092 2884; x_wconf 87' lang='lat' dir='ltr'>primis</span> <span class='ocrx_word' id='word_1_123' title='bbox 2123 2800 2465 2867; x_wconf 87' lang='lat' dir='ltr'>Ronsardi</span> <span class='ocrx_word' id='word_1_124' title='bbox 2498 2818 2642 2867; x_wconf 87' lang='lat' dir='ltr'>car·</span> 
     </span>
     <span class='ocr_line' id='line_1_19' title="bbox 373 2913 2641 2998; baseline 0.001 -19"><span class='ocrx_word' id='word_1_125' title='bbox 373 2914 680 2980; x_wconf 83' lang='lat' dir='ltr'>minibus</span> <span class='ocrx_word' id='word_1_126' title='bbox 731 2916 905 2994; x_wconf 85' lang='lat' dir='ltr'>erat,</span> <span class='ocrx_word' id='word_1_127' title='bbox 970 2915 1175 2998; x_wconf 88' lang='lat' dir='ltr'>poeta</span> <span class='ocrx_word' id='word_1_128' title='bbox 1226 2915 1485 2993; x_wconf 90' lang='lat' dir='ltr'>noster,</span> <span class='ocrx_word' id='word_1_129' title='bbox 1539 2915 1613 2978; x_wconf 89' lang='lat' dir='ltr'>ut</span> <span class='ocrx_word' id='word_1_130' title='bbox 1657 2914 1808 2995; x_wconf 91' lang='lat' dir='ltr'>jam</span> <span class='ocrx_word' id='word_1_131' title='bbox 1861 2913 2118 2979; x_wconf 89' lang='lat' dir='ltr'>dictum</span> <span class='ocrx_word' id='word_1_132' title='bbox 2163 2916 2291 2995; x_wconf 88' lang='lat' dir='ltr'>est,</span> <span class='ocrx_word' id='word_1_133' title='bbox 2352 2916 2641 2982; x_wconf 85' lang='lat' dir='ltr'>maturis</span> 
     </span>
     <span class='ocr_line' id='line_1_20' title="bbox 376 3026 2643 3115; baseline 0.001 -23"><span class='ocrx_word' id='word_1_134' title='bbox 376 3027 728 3115; x_wconf 82' lang='lat' dir='ltr'>praecipue</span> <span class='ocrx_word' id='word_1_135' title='bbox 790 3027 861 3092; x_wconf 91' lang='lat' dir='ltr'>in</span> <span class='ocrx_word' id='word_1_136' title='bbox 911 3026 1138 3109; x_wconf 82' lang='lat' dir='ltr'>anniS‚</span> <span class='ocrx_word' id='word_1_137' title='bbox 1172 3026 1355 3092; x_wconf 87' lang='lat' dir='ltr'>cavit</span> <span class='ocrx_word' id='word_1_138' title='bbox 1392 3042 1408 3091; x_wconf 72' lang='grc' dir='ltr'>ε</span> <span class='ocrx_word' id='word_1_139' title='bbox 1463 3026 1686 3092; x_wconf 88' lang='lat' dir='ltr'>lenior</span> <span class='ocrx_word' id='word_1_140' title='bbox 1733 3030 1802 3093; x_wconf 92' lang='lat' dir='ltr'>et</span> <span class='ocrx_word' id='word_1_141' title='bbox 1834 3026 2088 3107; x_wconf 85' lang='lat' dir='ltr'>mitior,</span> <span class='ocrx_word' id='word_1_142' title='bbox 2128 3031 2408 3094; x_wconf 81' lang='lat' dir='ltr'>senecta</span> <span class='ocrx_word' id='word_1_143' title='bbox 2443 3047 2643 3096; x_wconf 90' lang='lat' dir='ltr'>acce-</span> 
     </span>
     <span class='ocr_line' id='line_1_21' title="bbox 378 3140 2633 3230; baseline 0.001 -23"><span class='ocrx_word' id='word_1_144' title='bbox 378 3142 608 3220; x_wconf 89' lang='lat' dir='ltr'>dente,</span> <span class='ocrx_word' id='word_1_145' title='bbox 658 3142 877 3208; x_wconf 86' lang='lat' dir='ltr'>sactus</span> <span class='ocrx_word' id='word_1_146' title='bbox 911 3144 1037 3208; x_wconf 89' lang='lat' dir='ltr'>est.</span> <span class='ocrx_word' id='word_1_147' title='bbox 1082 3142 1214 3208; x_wconf 91' lang='lat' dir='ltr'>Sed</span> <span class='ocrx_word' id='word_1_148' title='bbox 1258 3144 1492 3206; x_wconf 91' lang='lat' dir='ltr'>tamen</span> <span class='ocrx_word' id='word_1_149' title='bbox 1536 3140 1779 3207; x_wconf 89' lang='lat' dir='ltr'>eadem</span> <span class='ocrx_word' id='word_1_150' title='bbox 1823 3161 2035 3230; x_wconf 92' lang='lat' dir='ltr'>prope</span> <span class='ocrx_word' id='word_1_151' title='bbox 2072 3142 2157 3207; x_wconf 88' lang='lat' dir='ltr'>de</span> <span class='ocrx_word' id='word_1_152' title='bbox 2186 3142 2429 3226; x_wconf 85' lang='lat' dir='ltr'>lingua</span> <span class='ocrx_word' id='word_1_153' title='bbox 2457 3142 2633 3227; x_wconf 91' lang='lat' dir='ltr'>ipsa,</span> 
     </span>
     <span class='ocr_line' id='line_1_22' title="bbox 380 3253 2642 3343; baseline 0 -22"><span class='ocrx_word' id='word_1_154' title='bbox 380 3274 538 3339; x_wconf 88' lang='lat' dir='ltr'>quae</span> <span class='ocrx_word' id='word_1_155' title='bbox 577 3254 831 3336; x_wconf 87' lang='lat' dir='ltr'>Pleias,</span> <span class='ocrx_word' id='word_1_156' title='bbox 869 3253 1098 3320; x_wconf 88' lang='lat' dir='ltr'>sentit.</span> <span class='ocrx_word' id='word_1_157' title='bbox 1137 3254 1585 3334; x_wconf 81' lang='lat' dir='ltr'>Inveniuntur</span> <span class='ocrx_word' id='word_1_158' title='bbox 1618 3254 1689 3318; x_wconf 90' lang='lat' dir='ltr'>in</span> <span class='ocrx_word' id='word_1_159' title='bbox 1720 3256 1887 3320; x_wconf 89' lang='lat' dir='ltr'>Arte</span> <span class='ocrx_word' id='word_1_160' title='bbox 1913 3255 2184 3343; x_wconf 83' lang='lat' dir='ltr'>poetica</span> <span class='ocrx_word' id='word_1_161' title='bbox 2211 3259 2278 3321; x_wconf 90' lang='lat' dir='ltr'>et</span> <span class='ocrx_word' id='word_1_162' title='bbox 2312 3255 2642 3343; x_wconf 88' lang='lat' dir='ltr'>propagi-</span> 
     </span>
     <span class='ocr_line' id='line_1_23' title="bbox 379 3365 2640 3453; baseline 0 -19"><span class='ocrx_word' id='word_1_163' title='bbox 379 3387 503 3434; x_wconf 90' lang='lat' dir='ltr'>nes</span> <span class='ocrx_word' id='word_1_164' title='bbox 540 3366 627 3453; x_wconf 91' lang='lat'>(1)</span> <span class='ocrx_word' id='word_1_165' title='bbox 682 3370 750 3433; x_wconf 92' lang='lat' dir='ltr'>et</span> <span class='ocrx_word' id='word_1_166' title='bbox 792 3366 1202 3432; x_wconf 90' lang='lat' dir='ltr'>diminutiva</span> <span class='ocrx_word' id='word_1_167' title='bbox 1244 3368 1460 3433; x_wconf 85' lang='lat' dir='ltr'>verba</span> <span class='ocrx_word' id='word_1_168' title='bbox 1503 3365 1589 3453; x_wconf 78' lang='lat'>(2)</span> <span class='ocrx_word' id='word_1_169' title='bbox 1634 3369 1702 3432; x_wconf 91' lang='lat' dir='ltr'>et</span> <span class='ocrx_word' id='word_1_170' title='bbox 1745 3368 2127 3453; x_wconf 90' lang='lat' dir='ltr'>composita</span> <span class='ocrx_word' id='word_1_171' title='bbox 2167 3386 2403 3452; x_wconf 83' lang='lat' dir='ltr'>graeco</span> <span class='ocrx_word' id='word_1_172' title='bbox 2446 3388 2640 3436; x_wconf 88' lang='lat' dir='ltr'>more</span> 
     </span>
     <span class='ocr_line' id='line_1_24' title="bbox 377 3479 2638 3568; baseline 0.002 -22"><span class='ocrx_word' id='word_1_173' title='bbox 377 3481 686 3566; x_wconf 84' lang='lat' dir='ltr'>epitheta</span> <span class='ocrx_word' id='word_1_174' title='bbox 722 3480 809 3567; x_wconf 88' lang='lat'>(3)</span> <span class='ocrx_word' id='word_1_175' title='bbox 855 3483 923 3545; x_wconf 89' lang='lat' dir='ltr'>et</span> <span class='ocrx_word' id='word_1_176' title='bbox 975 3480 1210 3546; x_wconf 88' lang='lat' dir='ltr'>omnia</span> <span class='ocrx_word' id='word_1_177' title='bbox 1265 3479 1561 3564; x_wconf 90' lang='lat' dir='ltr'>denique</span> <span class='ocrx_word' id='word_1_178' title='bbox 1606 3481 2014 3547; x_wconf 85' lang='lat' dir='ltr'>Ronsardici</span> <span class='ocrx_word' id='word_1_179' title='bbox 2056 3482 2395 3549; x_wconf 81' lang='lat' dir='ltr'>sermonis</span> <span class='ocrx_word' id='word_1_180' title='bbox 2441 3484 2638 3568; x_wconf 87' lang='lat' dir='ltr'>quasi</span> 
     </span>
     <span class='ocr_line' id='line_1_25' title="bbox 377 3597 862 3663; baseline -0.004 0"><span class='ocrx_word' id='word_1_181' title='bbox 377 3597 862 3663; x_wconf 91' lang='lat' dir='ltr'>instrumenta.</span> 
     </span>
    </p>
   </div>
   <div class='ocr_carea' id='block_1_6' title="bbox 468 3717 2635 3809">
    <p class='ocr_par' dir='ltr' id='par_1_9' title="bbox 468 3717 2635 3809">
     <span class='ocr_line' id='line_1_26' title="bbox 468 3717 2635 3809; baseline 0.002 -24"><span class='ocrx_word' id='word_1_182' title='bbox 468 3719 640 3785; x_wconf 89' lang='lat' dir='ltr'>Cum</span> <span class='ocrx_word' id='word_1_183' title='bbox 670 3718 862 3784; x_wconf 90' lang='lat' dir='ltr'>nulla</span> <span class='ocrx_word' id='word_1_184' title='bbox 899 3718 983 3784; x_wconf 94' lang='lat' dir='ltr'>de</span> <span class='ocrx_word' id='word_1_185' title='bbox 1020 3717 1528 3785; x_wconf 86' lang='lat' dir='ltr'>versificatione</span> <span class='ocrx_word' id='word_1_186' title='bbox 1559 3723 1912 3809; x_wconf 83' lang='lat' dir='ltr'>praecepta</span> <span class='ocrx_word' id='word_1_187' title='bbox 1948 3720 2356 3787; x_wconf 87' lang='lat' dir='ltr'>Valkelinus</span> <span class='ocrx_word' id='word_1_188' title='bbox 2384 3722 2635 3806; x_wconf 89' lang='lat' dir='ltr'>tradat,</span> 
     </span>
    </p>
   </div>
   <div class='ocr_carea' id='block_1_7' title="bbox 377 3833 2642 4143">
    <p class='ocr_par' dir='ltr' id='par_1_10' title="bbox 377 3833 2642 4143">
     <span class='ocr_line' id='line_1_27' title="bbox 377 3833 2642 3920; baseline 0.001 -20"><span class='ocrx_word' id='word_1_189' title='bbox 377 3833 726 3918; x_wconf 79' lang='lat' dir='ltr'>exempla,</span> <span class='ocrx_word' id='word_1_190' title='bbox 783 3852 939 3917; x_wconf 83' lang='lat' dir='ltr'>quae</span> <span class='ocrx_word' id='word_1_191' title='bbox 994 3833 1229 3899; x_wconf 86' lang='lat' dir='ltr'>omnia</span> <span class='ocrx_word' id='word_1_192' title='bbox 1279 3852 1493 3919; x_wconf 92' lang='lat' dir='ltr'>prope</span> <span class='ocrx_word' id='word_1_193' title='bbox 1541 3833 1646 3900; x_wconf 91' lang='lat' dir='ltr'>illi</span> <span class='ocrx_word' id='word_1_194' title='bbox 1699 3835 2196 3920; x_wconf 88' lang='lat' dir='ltr'>Ronsardoque</span> <span class='ocrx_word' id='word_1_195' title='bbox 2249 3838 2642 3904; x_wconf 90' lang='lat' dir='ltr'>communia</span> 
     </span>
     <span class='ocr_line' id='line_1_28' title="bbox 378 3945 2638 4030; baseline 0.002 -17"><span class='ocrx_word' id='word_1_196' title='bbox 378 3965 535 4013; x_wconf 92' lang='lat' dir='ltr'>esse</span> <span class='ocrx_word' id='word_1_197' title='bbox 602 3945 1068 4028; x_wconf 89' lang='lat' dir='ltr'>ostenderent,</span> <span class='ocrx_word' id='word_1_198' title='bbox 1139 3965 1226 4011; x_wconf 83' lang='lat' dir='ltr'>ex</span> <span class='ocrx_word' id='word_1_199' title='bbox 1296 3948 1444 4030; x_wconf 89' lang='lat' dir='ltr'>ejus</span> <span class='ocrx_word' id='word_1_200' title='bbox 1509 3949 1674 4012; x_wconf 90' lang='lat' dir='ltr'>Arte</span> <span class='ocrx_word' id='word_1_201' title='bbox 1751 3947 2131 4015; x_wconf 81' lang='lat' dir='ltr'>hausimuS.</span> <span class='ocrx_word' id='word_1_202' title='bbox 2206 3951 2400 4016; x_wconf 90' lang='lat' dir='ltr'>Nunc</span> <span class='ocrx_word' id='word_1_203' title='bbox 2470 3969 2638 4017; x_wconf 85' lang='lat' dir='ltr'>vero</span> 
     </span>
     <span class='ocr_line' id='line_1_29' title="bbox 377 4058 2637 4143; baseline 0.001 -16"><span class='ocrx_word' id='word_1_204' title='bbox 377 4063 573 4127; x_wconf 90' lang='lat' dir='ltr'>locus</span> <span class='ocrx_word' id='word_1_205' title='bbox 613 4078 700 4125; x_wconf 85' lang='lat' dir='ltr'>ex</span> <span class='ocrx_word' id='word_1_206' title='bbox 733 4059 865 4125; x_wconf 89' lang='lat' dir='ltr'>hac</span> <span class='ocrx_word' id='word_1_207' title='bbox 909 4058 1409 4143; x_wconf 81' lang='lat' dir='ltr'>excerpendus,</span> <span class='ocrx_word' id='word_1_208' title='bbox 1457 4059 1527 4124; x_wconf 89' lang='lat' dir='ltr'>in</span> <span class='ocrx_word' id='word_1_209' title='bbox 1571 4077 1733 4143; x_wconf 89' lang='lat' dir='ltr'>quo,</span> <span class='ocrx_word' id='word_1_210' title='bbox 1771 4060 1936 4143; x_wconf 89' lang='lat' dir='ltr'>quid</span> <span class='ocrx_word' id='word_1_211' title='bbox 1981 4061 2067 4126; x_wconf 92' lang='lat' dir='ltr'>de</span> <span class='ocrx_word' id='word_1_212' title='bbox 2108 4064 2254 4128; x_wconf 89' lang='lat' dir='ltr'>tota</span> <span class='ocrx_word' id='word_1_213' title='bbox 2297 4062 2637 4130; x_wconf 91' lang='lat' dir='ltr'>sermonis</span> 
     </span>
    </p>
   </div>
   <div class='ocr_carea' id='block_1_8' title="bbox 377 4174 2635 4262">
    <p class='ocr_par' dir='ltr' id='par_1_11' title="bbox 377 4174 2635 4262">
     <span class='ocr_line' id='line_1_30' title="bbox 377 4174 2635 4262; baseline 0.001 -20"><span class='ocrx_word' id='word_1_214' title='bbox 377 4176 649 4243; x_wconf 87' lang='lat' dir='ltr'>ratione</span> <span class='ocrx_word' id='word_1_215' title='bbox 686 4174 977 4259; x_wconf 78' lang='lat' dir='ltr'>Judicet,</span> <span class='ocrx_word' id='word_1_216' title='bbox 1029 4174 1439 4240; x_wconf 84' lang='lat' dir='ltr'>Valkelinus</span> <span class='ocrx_word' id='word_1_217' title='bbox 1488 4174 1637 4242; x_wconf 86' lang='lat' dir='ltr'>fuse</span> <span class='ocrx_word' id='word_1_218' title='bbox 1697 4176 1971 4260; x_wconf 85' lang='lat' dir='ltr'>lateque</span> <span class='ocrx_word' id='word_1_219' title='bbox 2025 4177 2389 4262; x_wconf 78' lang='lat' dir='ltr'>expromit.</span> <span class='ocrx_word' id='word_1_220' title='bbox 2448 4179 2635 4245; x_wconf 92' lang='lat' dir='ltr'>Nihil</span> 
     </span>
    </p>
   </div>
   <div class='ocr_carea' id='block_1_9' title="bbox 385 4350 726 4361">
    <p class='ocr_par' dir='ltr' id='par_1_12' title="bbox 385 4350 726 4361">
     <span class='ocr_line' id='line_1_31' title="bbox 385 4350 726 4361; baseline 0 1368"><span class='ocrx_word' id='word_1_221' title='bbox 385 4350 726 4361; x_wconf 95' lang='lat' dir='ltr'> </span> 
     </span>
    </p>
   </div>
   <div class='ocr_carea' id='block_1_10' title="bbox 431 4456 2280 4713">
    <p class='ocr_par' dir='ltr' id='par_1_13' title="bbox 431 4456 2280 4713">
     <span class='ocr_line' id='line_1_32' title="bbox 432 4456 1784 4524; baseline 0.001 -11"><span class='ocrx_word' id='word_1_222' title='bbox 432 4470 494 4520; x_wconf 85' lang='grc' dir='ltr'>(Ι)</span> <span class='ocrx_word' id='word_1_223' title='bbox 522 4469 738 4512; x_wconf 82' lang='lat' dir='ltr'>Haloner</span> <span class='ocrx_word' id='word_1_224' title='bbox 761 4468 865 4518; x_wconf 82' lang='lat' dir='ltr'>(lib.</span> <span class='ocrx_word' id='word_1_225' title='bbox 892 4469 943 4520; x_wconf 83' lang='grc'>1),</span> <span class='ocrx_word' id='word_1_226' title='bbox 969 4468 1109 4513; x_wconf 78' lang='lat' dir='ltr'>ssuter</span> <span class='ocrx_word' id='word_1_227' title='bbox 1127 4480 1224 4513; x_wconf 89' lang='lat' dir='ltr'>une</span> <span class='ocrx_word' id='word_1_228' title='bbox 1251 4470 1474 4513; x_wconf 81' lang='lat' dir='ltr'>chanson</span> <span class='ocrx_word' id='word_1_229' title='bbox 1500 4456 1667 4524; x_wconf 50' lang='lat' dir='ltr'>(ibina),</span> <span class='ocrx_word' id='word_1_230' title='bbox 1688 4473 1784 4515; x_wconf 84' lang='lat' dir='ltr'>etc.</span> 
     </span>
     <span class='ocr_line' id='line_1_33' title="bbox 431 4558 2280 4620; baseline 0.003 -17"><span class='ocrx_word' id='word_1_231' title='bbox 431 4560 493 4611; x_wconf 82' lang='lat'>(2)</span> <span class='ocrx_word' id='word_1_232' title='bbox 523 4559 783 4614; x_wconf 77' lang='lat' dir='ltr'>Nouvelet‚</span> <span class='ocrx_word' id='word_1_233' title='bbox 803 4558 1025 4602; x_wconf 81' lang='lat' dir='ltr'>verdelet</span> <span class='ocrx_word' id='word_1_234' title='bbox 1040 4559 1145 4614; x_wconf 82' lang='lat' dir='ltr'>(lib.</span> <span class='ocrx_word' id='word_1_235' title='bbox 1169 4559 1246 4612; x_wconf 89' lang='grc' dir='ltr'>ΙΙ),</span> <span class='ocrx_word' id='word_1_236' title='bbox 1267 4559 1534 4615; x_wconf 82' lang='lat' dir='ltr'>fleurettes,</span> <span class='ocrx_word' id='word_1_237' title='bbox 1563 4561 1919 4606; x_wconf 75' lang='lat' dir='ltr'>vermeillettes</span> <span class='ocrx_word' id='word_1_238' title='bbox 1938 4563 2042 4615; x_wconf 85' lang='lat' dir='ltr'>(lib.</span> <span class='ocrx_word' id='word_1_239' title='bbox 2063 4564 2163 4620; x_wconf 87' lang='grc' dir='ltr'>ΙΙΙ),</span> <span class='ocrx_word' id='word_1_240' title='bbox 2185 4567 2280 4611; x_wconf 80' lang='lat' dir='ltr'>etc.</span> 
     </span>
     <span class='ocr_line' id='line_1_34' title="bbox 434 4651 2235 4713; baseline 0.002 -17"><span class='ocrx_word' id='word_1_241' title='bbox 434 4651 496 4704; x_wconf 89' lang='grc'>(3)</span> <span class='ocrx_word' id='word_1_242' title='bbox 519 4651 880 4697; x_wconf 79' lang='lat' dir='ltr'>Doux-bellnns</span> <span class='ocrx_word' id='word_1_243' title='bbox 900 4662 1126 4705; x_wconf 78' lang='lat' dir='ltr'>agneaux</span> <span class='ocrx_word' id='word_1_244' title='bbox 1146 4651 1253 4707; x_wconf 80' lang='lat' dir='ltr'>(lib.</span> <span class='ocrx_word' id='word_1_245' title='bbox 1274 4651 1329 4703; x_wconf 86' lang='lat'>1).</span> <span class='ocrx_word' id='word_1_246' title='bbox 1348 4652 1522 4707; x_wconf 69' lang='lat' dir='ltr'>Satyro</span> <span class='ocrx_word' id='word_1_247' title='bbox 1543 4653 1897 4711; x_wconf 86' lang='lat' dir='ltr'>pied-de-bouc</span> <span class='ocrx_word' id='word_1_248' title='bbox 1919 4654 2021 4708; x_wconf 67' lang='lat' dir='ltr'>nib.</span> <span class='ocrx_word' id='word_1_249' title='bbox 2042 4655 2119 4713; x_wconf 74' lang='grc' dir='ltr'>ΙΙ),</span> <span class='ocrx_word' id='word_1_250' title='bbox 2142 4659 2235 4700; x_wconf 85' lang='lat' dir='ltr'>etc.</span> 
     </span>
    </p>
   </div>
  </div>
 </body>
</html>
