3561 5729
1836 656 2152 721 ..84-

866 827 1038 893 quas
1068 807 1252 874 Artis
1282 806 1572 892 poeticae
1600 806 1905 873 secundo
1938 805 2115 872 libro
2147 804 2294 893 ipse
2328 807 2718 894 adscripsit.
2750 828 2881 876 nec
2909 810 3121 878 ullum

867 924 953 991 de
1003 923 1134 990 lioc
1190 923 1301 989 vix
1357 922 1680 988 incohato
1736 927 2049 1010 poemate
2094 923 2435 1007 jndicium
2496 924 2673 991 ferre
2723 944 3118 1011 possumus:

866 1040 1013 1118 sed,
1048 1039 1103 1105 si
1140 1057 1314 1123 opus
1341 1037 1776 1117 absolvisset,
1818 1056 1940 1123 pro
1981 1038 2342 1104 verisimili
2370 1037 2763 1106 habendum
2800 1044 2927 1118 est,
2967 1060 3122 1107 eum

868 1147 1326 1220 Franciadem
1372 1150 1600 1235 potius
1651 1168 1859 1234 quam
1906 1148 2207 1218 Iliadem
2249 1151 2540 1217 alteram
2585 1154 3125 1241 compositurum

868 1268 1108 1335 fuisse.

960 1508 1073 1572 111.
1115 1508 1213 1571 Da
1250 1521 1658 1571 [manuleo
1707 1522 2020 1571 GENERE.
2067 1542 2153 1552 -
2203 1507 2263 1570 1⁰
2294 1504 2402 1571 De
2444 1502 2779 1592 traqcedia
2843 1543 2931 1554 -
2965 1507 3131 1571 Dra-

871 1620 1141 1687 maticis
1161 1620 1537 1703 generibus
1567 1619 1794 1685 media
1818 1619 1884 1683 in
1912 1621 2116 1683 aetate
2145 1618 2414 1684 usitatis
2434 1619 2850 1702 tragoediam
2874 1637 3130 1686 comoe-

868 1734 1189 1818 diamque
1225 1734 1646 1799 recentiores
1680 1733 1855 1799 sexti
1885 1733 2132 1798 decimi
2165 1733 2401 1798 saeculi
2441 1740 2663 1817 poetae
2688 1734 3122 1799 suffecerant.

869 1847 1113 1914 Tribus
1160 1851 1314 1932 post
1359 1848 1585 1927 annis.
1637 1866 1840 1930 quam
1888 1846 2189 1913 Bellaius
2238 1843 2518 1914 Gallicoe
2561 1844 2816 1935 lin-qma
2860 1846 3131 1935 Defen-

863 1958 1123 2028 sionem
1154 1961 1488 2035 ediderat,
1529 1958 1960 2050 Cleopatram
1994 1960 2354 2041 Jodellius,
2405 1962 2693 2046 primam
2732 1961 3131 2028 domesticae

867 2090 1121 2140 scaenae
1163 2073 1578 2157 tragoediam
1627 2074 1850 2139 docet.
1894 2073 2220 2149 Quamvis
2255 2073 2384 2139 hoc
2419 2092 2591 2158 opus
2626 2092 2749 2159 per
2784 2093 2860 2139 se
2909 2074 3128 2159 ipsum

871 2206 1005 2254 non
1037 2187 1320 2253 maximi
1353 2188 1442 2253 sit
1476 2187 1703 2272 pretii,
1743 2206 1831 2253 ex
1862 2206 1944 2253 eo
1982 2192 2210 2253 tamen
2252 2187 2450 2252 initia
2487 2187 2891 2253 recentioris
2921 2189 3134 2254 Fran-

870 2301 999 2367 ciae
1033 2301 1378 2367 theatrum
1415 2302 1638 2368 ducit:
1677 2303 1975 2386 primum
2006 2302 2184 2367 intra
2211 2307 2533 2386 quattuor
2557 2310 2625 2368 et
2654 2302 2898 2387 viginti
2928 2303 3135 2369 horas

871 2434 982 2482 res
1016 2415 1470 2496 contrahitur,
1503 2414 1802 2499 primum
1834 2433 1972 2480 una
2007 2420 2111 2481 est
2144 2417 2351 2499 atque
2381 2415 2709 2501 simplex;
2750 2416 2835 2481 ad
2857 2417 3131 2482 Graeco-

872 2548 1023 2596 rum
1051 2533 1412 2615 poetarum
1442 2531 1799 2615 exemplar
1828 2534 2040 2595 totam
2068 2530 2479 2612 tragoediam
2509 2529 2845 2596 Jodellius
2889 2530 3124 2615 fingit;

870 2660 1007 2709 non
1045 2644 1329 2708 actuosa
1360 2642 1615 2720 sabula,
1655 2659 1793 2707 non
1830 2641 2068 2706 multae
2102 2659 2445 2727 personae,
2485 2641 2871 2708 brevissimi
2904 2648 3125 2721 actus»,

871 2776 1043 2842 quos
1090 2756 1343 2824 chorus
1409 2756 1676 2823 medios
1729 2756 2100 2822 intercinit.
2155 2757 2321 2823 Post
2351 2742 2747 2836 Jodellium‚
2793 2757 3131 2842 tragicam

871 2878 1092 2940 artem
1145 2873 1353 2939 altius
1409 2872 1866 2960 exaggeravit
1921 2873 2335 2957 Garnerius3
2393 2873 2514 2938 sed
2569 2873 2833 2949 laudes,
2885 2874 3133 2958 quibus

873 2986 1126 3068 floruit,
1168 2987 1252 3051 ad
1301 2987 1367 3051 id
1411 2986 1552 3052 fere
1598 2985 1822 3053 solum
1868 2987 2236 3071 pertinent,
2281 2987 2463 3070 quod
2510 2986 2828 3072 politiore
2864 2990 2933 3052 et
2972 3004 3135 3071 gra-

873 3100 1063 3167 viore
1103 3101 1313 3166 utitur
1336 3071 1594 3184 genere
1625 3100 1921 3166 dicendi.
1962 3101 2113 3184 Ipsa
2146 3100 2509 3184 tragoediae
2544 3101 2649 3167 vis
2674 3100 2943 3183 eadem,
2977 3117 3132 3184 quae

873 3214 1054 3302 apud
1089 3213 1486 3294 Jodellium,
1527 3217 1783 3280 manet.

964 3329 1208 3395 Omnia
1261 3330 1331 3394 in
1383 3328 1731 3394 Valkelini
1797 3329 1960 3394 Arte
2009 3329 2094 3394 de
2147 3329 2495 3412 tragoedia
2543 3331 2890 3416 praecepta
2945 3328 3134 3394 inve-

875 3444 1177 3514 niuntur,
1226 3442 1474 3526 quibus
1516 3441 1853 3507 Jodellius
1902 3454 1970 3507 et
2003 3442 2377 3509 Garnerius
2411 3454 2655 3527 sponte
2692 3440 3132 3527 gratuitoque

871 3558 1206 3626 Gallicam
1241 3575 1540 3623 scaenam
1587 3556 2099 3622 adstrinxerunt
2131 3571 2144 3622 :
2192 3575 2328 3622 non
2360 3557 2492 3622 hoc
2521 3574 2744 3640 genus
2773 3557 3017 3622 eadem
3052 3557 3134 3622 li-

872 3674 1137 3740 bertate
1185 3672 1344 3748 frui,
1399 3691 1536 3756 qua
1577 3672 1876 3756 epicum,
1929 3671 2113 3736 sinit.
2167 3672 2238 3735 In
2288 3670 2508 3759 primo
2548 3671 2726 3736 libro
2771 3670 3134 3737 duodecim

872 3784 1295 3870 syllabarum
1331 3803 1575 3850 versus
1621 3784 1820 3867 gravi
1872 3783 2238 3866 tragoediae
2271 3788 2470 3867 aptos
2513 3803 2665 3849 esse
2689 3784 2848 3867 jure
2897 3784 3127 3868 docet3

870 3896 1263 3963 insecundo
1300 3914 1407 3976 ea,
1437 3914 1593 3980 quae
1625 3896 2076 3961 mandaverat
2099 3895 2408 3973 Flaccu8‚
2443 3895 2590 3980 ipse
2615 3896 3127 3980 interpretatur.

873 4013 967 4077 De
1022 4010 1274 4077 fabulae
1324 4010 1764 4099 simplicitate
1809 4009 1981 4075 nihil
2032 4009 2450 4094 praescribit;
2499 4010 2617 4076 sed
2668 4009 2884 4076 semel
2929 4016 3134 4093 atque

871 4125 1122 4193 iterum
1154 4129 1363 4210 vetat,
1402 4146 1487 4192 ne
1519 4126 1656 4192 diei
1687 4126 1890 4191 unius
1927 4124 2226 4210 spatium
2259 4123 2551 4190 excedat
2584 4142 2699 4190 res
2737 4139 2753 4190 ε

872 4339 966 4404 Le
993 4337 1243 4422 tragic,
1282 4336 1345 4402 le
1380 4336 1624 4416 comic,
1658 4336 1921 4401 dedans
1959 4353 2094 4401 une
2116 4336 2415 4418 journee

872 4450 1258 4537 Comprend
1293 4469 1372 4516 ce
1406 4469 1538 4534 que
1569 4450 1691 4514 t'ait
1722 4448 1971 4515 l’autre
2003 4467 2093 4514 au
2129 4466 2333 4515 cours
2368 4449 2453 4514 de
2486 4467 2614 4515 son
2643 4467 2865 4515 annee
2900 4449 3007 4536 (l).

929 4705 992 4761 (l)
1015 4705 1160 4750 Valk.
1180 4707 1276 4750 An
1295 4719 1366 4760 p„
1386 4707 1445 4751 11.
