<?xml version="1.0" encoding="UTF-8"?>
<!DOCTYPE html PUBLIC "-//W3C//DTD XHTML 1.0 Transitional//EN"
    "http://www.w3.org/TR/xhtml1/DTD/xhtml1-transitional.dtd">
<html xmlns="http://www.w3.org/1999/xhtml" xml:lang="en" lang="en">
 <head>
  <title>
</title>
<meta http-equiv="Content-Type" content="text/html;charset=utf-8" />
  <meta name='ocr-system' content='tesseract 3.04.00' />
  <meta name='ocr-capabilities' content='ocr_page ocr_carea ocr_par ocr_line ocrx_word'/>
</head>
<body>
  <div class='ocr_page' id='page_1' title='image "./desextidecimisa00pellgoog_0033.png"; bbox 0 0 3561 5729; ppageno 0'>
   <div class='ocr_carea' id='block_1_1' title="bbox 1437 603 1756 668">
    <p class='ocr_par' dir='ltr' id='par_1_1' title="bbox 1437 603 1756 668">
     <span class='ocr_line' id='line_1_1' title="bbox 1437 603 1756 668; baseline -0.006 -16"><span class='ocrx_word' id='word_1_1' title='bbox 1437 603 1756 668; x_wconf 73' lang='grc'>-29-</span> 
     </span>
    </p>
   </div>
   <div class='ocr_carea' id='block_1_2' title="bbox 464 749 2722 1402">
    <p class='ocr_par' dir='ltr' id='par_1_2' title="bbox 464 749 2722 1402">
     <span class='ocr_line' id='line_1_2' title="bbox 467 749 2716 838; baseline 0.003 -23"><span class='ocrx_word' id='word_1_2' title='bbox 467 767 812 831; x_wconf 89' lang='lat' dir='ltr'><strong>ornarem,</strong></span> <span class='ocrx_word' id='word_1_3' title='bbox 846 768 1050 834; x_wconf 89' lang='lat' dir='ltr'><strong>quam</strong></span> <span class='ocrx_word' id='word_1_4' title='bbox 1077 749 1558 838; x_wconf 85' lang='lat' dir='ltr'><strong>superiores».</strong></span> <span class='ocrx_word' id='word_1_5' title='bbox 1595 749 1833 816; x_wconf 87' lang='lat' dir='ltr'><strong>Cuncti</strong></span> <span class='ocrx_word' id='word_1_6' title='bbox 1860 768 2143 836; x_wconf 88' lang='lat' dir='ltr'><strong>prorsus</strong></span> <span class='ocrx_word' id='word_1_7' title='bbox 2174 754 2392 833; x_wconf 83' lang='lat' dir='ltr'><strong>vateS‚</strong></span> <span class='ocrx_word' id='word_1_8' title='bbox 2428 772 2716 837; x_wconf 91' lang='lat' dir='ltr'><strong>quorum</strong></span> 
     </span>
     <span class='ocr_line' id='line_1_3' title="bbox 466 860 2722 953; baseline 0.003 -25"><span class='ocrx_word' id='word_1_9' title='bbox 466 860 749 928; x_wconf 87' lang='lat' dir='ltr'><strong>nomina</strong></span> <span class='ocrx_word' id='word_1_10' title='bbox 787 880 997 946; x_wconf 87' lang='lat' dir='ltr'><strong>supra</strong></span> <span class='ocrx_word' id='word_1_11' title='bbox 1030 861 1414 943; x_wconf 85' lang='lat' dir='ltr'><strong>retulimus,</strong></span> <span class='ocrx_word' id='word_1_12' title='bbox 1452 862 1727 946; x_wconf 87' lang='lat' dir='ltr'><strong>gallicae</strong></span> <span class='ocrx_word' id='word_1_13' title='bbox 1762 863 1992 953; x_wconf 80' lang='lat' dir='ltr'><strong>poesis</strong></span> <span class='ocrx_word' id='word_1_14' title='bbox 2036 866 2609 932; x_wconf 81' lang='lat' dir='ltr'><strong>restaurationem</strong></span> <span class='ocrx_word' id='word_1_15' title='bbox 2654 870 2722 934; x_wconf 91' lang='lat' dir='ltr'><strong>et</strong></span> 
     </span>
     <span class='ocr_line' id='line_1_4' title="bbox 465 974 2718 1065; baseline 0.004 -26"><span class='ocrx_word' id='word_1_16' title='bbox 465 977 975 1059; x_wconf 73' lang='lat' dir='ltr'><strong>praesenserant</strong></span> <span class='ocrx_word' id='word_1_17' title='bbox 1017 977 1085 1041; x_wconf 88' lang='lat' dir='ltr'><strong>et</strong></span> <span class='ocrx_word' id='word_1_18' title='bbox 1129 974 1260 1061; x_wconf 87' lang='lat' dir='ltr'><strong>ipsi</strong></span> <span class='ocrx_word' id='word_1_19' title='bbox 1302 980 1793 1060; x_wconf 82' lang='lat' dir='ltr'><strong>susceperant:</strong></span> <span class='ocrx_word' id='word_1_20' title='bbox 1830 976 2059 1062; x_wconf 87' lang='lat' dir='ltr'><strong>itaque</strong></span> <span class='ocrx_word' id='word_1_21' title='bbox 2094 979 2497 1046; x_wconf 89' lang='lat' dir='ltr'><strong>Ronsardus</strong></span> <span class='ocrx_word' id='word_1_22' title='bbox 2530 981 2718 1065; x_wconf 89' lang='lat' dir='ltr'><strong>ejus-</strong></span> 
     </span>
     <span class='ocr_line' id='line_1_5' title="bbox 466 1090 2714 1179; baseline 0.002 -23"><span class='ocrx_word' id='word_1_23' title='bbox 466 1109 598 1174; x_wconf 90' lang='lat' dir='ltr'><strong>que</strong></span> <span class='ocrx_word' id='word_1_24' title='bbox 633 1090 977 1177; x_wconf 90' lang='lat' dir='ltr'><strong>discipuli,</strong></span> <span class='ocrx_word' id='word_1_25' title='bbox 1019 1091 1333 1176; x_wconf 89' lang='lat' dir='ltr'><strong>quamvis</strong></span> <span class='ocrx_word' id='word_1_26' title='bbox 1366 1091 1670 1176; x_wconf 85' lang='lat' dir='ltr'><strong>priorem</strong></span> <span class='ocrx_word' id='word_1_27' title='bbox 1714 1092 1977 1178; x_wconf 89' lang='lat' dir='ltr'><strong>poesim</strong></span> <span class='ocrx_word' id='word_1_28' title='bbox 2014 1094 2383 1179; x_wconf 87' lang='lat' dir='ltr'><strong>dedignari</strong></span> <span class='ocrx_word' id='word_1_29' title='bbox 2417 1095 2714 1176; x_wconf 83' lang='lat' dir='ltr'><strong>soleant,</strong></span> 
     </span>
     <span class='ocr_line' id='line_1_6' title="bbox 464 1202 2717 1290; baseline 0.003 -22"><span class='ocrx_word' id='word_1_30' title='bbox 464 1202 591 1270; x_wconf 87' lang='lat' dir='ltr'><strong>hos</strong></span> <span class='ocrx_word' id='word_1_31' title='bbox 635 1207 865 1270; x_wconf 89' lang='lat' dir='ltr'><strong>tamen</strong></span> <span class='ocrx_word' id='word_1_32' title='bbox 904 1222 1174 1271; x_wconf 89' lang='lat' dir='ltr'><strong>summa</strong></span> <span class='ocrx_word' id='word_1_33' title='bbox 1208 1204 1649 1271; x_wconf 89' lang='lat' dir='ltr'><strong>observantia</strong></span> <span class='ocrx_word' id='word_1_34' title='bbox 1691 1204 2146 1290; x_wconf 80' lang='lat' dir='ltr'><strong>maximisque</strong></span> <span class='ocrx_word' id='word_1_35' title='bbox 2181 1207 2502 1275; x_wconf 86' lang='lat' dir='ltr'><strong>laudibus</strong></span> <span class='ocrx_word' id='word_1_36' title='bbox 2535 1227 2717 1275; x_wconf 89' lang='lat' dir='ltr'><strong>sem-</strong></span> 
     </span>
     <span class='ocr_line' id='line_1_7' title="bbox 464 1319 1175 1402; baseline 0.007 -21"><span class='ocrx_word' id='word_1_37' title='bbox 464 1335 586 1401; x_wconf 89' lang='lat' dir='ltr'><strong>per</strong></span> <span class='ocrx_word' id='word_1_38' title='bbox 615 1319 960 1402; x_wconf 89' lang='lat' dir='ltr'><strong>prosecuti</strong></span> <span class='ocrx_word' id='word_1_39' title='bbox 996 1322 1175 1386; x_wconf 89' lang='lat' dir='ltr'><strong>sunt.</strong></span> 
     </span>
    </p>
   </div>
   <div class='ocr_carea' id='block_1_3' title="bbox 461 1432 2714 1631">
    <p class='ocr_par' dir='ltr' id='par_1_3' title="bbox 461 1432 2714 1631">
     <span class='ocr_line' id='line_1_8' title="bbox 549 1432 2714 1525; baseline 0.003 -27"><span class='ocrx_word' id='word_1_40' title='bbox 549 1432 809 1499; x_wconf 89' lang='lat' dir='ltr'><strong>Sibileti</strong></span> <span class='ocrx_word' id='word_1_41' title='bbox 845 1435 977 1501; x_wconf 85' lang='lat' dir='ltr'><strong>Ars</strong></span> <span class='ocrx_word' id='word_1_42' title='bbox 1011 1435 1280 1520; x_wconf 77' lang='lat' dir='ltr'><strong>poetica</strong></span> <span class='ocrx_word' id='word_1_43' title='bbox 1305 1454 1463 1502; x_wconf 90' lang='lat' dir='ltr'><strong>cum</strong></span> <span class='ocrx_word' id='word_1_44' title='bbox 1486 1435 1618 1501; x_wconf 88' lang='lat' dir='ltr'><strong>hac</strong></span> <span class='ocrx_word' id='word_1_45' title='bbox 1652 1437 1910 1502; x_wconf 88' lang='lat' dir='ltr'><strong>nostrae</strong></span> <span class='ocrx_word' id='word_1_46' title='bbox 1941 1436 2168 1520; x_wconf 89' lang='lat' dir='ltr'><strong>poesis</strong></span> <span class='ocrx_word' id='word_1_47' title='bbox 2199 1438 2403 1503; x_wconf 88' lang='lat' dir='ltr'><strong>aetate</strong></span> <span class='ocrx_word' id='word_1_48' title='bbox 2439 1437 2714 1525; x_wconf 87' lang='lat' dir='ltr'><strong>penitus</strong></span> 
     </span>
     <span class='ocr_line' id='line_1_9' title="bbox 461 1538 2714 1631; baseline 0.003 -24"><span class='ocrx_word' id='word_1_49' title='bbox 461 1543 804 1626; x_wconf 86' lang='lat' dir='ltr'><strong>congruit,</strong></span> <span class='ocrx_word' id='word_1_50' title='bbox 842 1562 979 1627; x_wconf 91' lang='lat' dir='ltr'><strong>qua</strong></span> <span class='ocrx_word' id='word_1_51' title='bbox 1010 1563 1250 1612; x_wconf 90' lang='lat' dir='ltr'><strong>omnes</strong></span> <span class='ocrx_word' id='word_1_52' title='bbox 1284 1544 1384 1611; x_wconf 92' lang='lat' dir='ltr'><strong>illi</strong></span> <span class='ocrx_word' id='word_1_53' title='bbox 1426 1548 1617 1612; x_wconf 85' lang='lat' dir='ltr'><strong>vates</strong></span> <span class='ocrx_word' id='word_1_54' title='bbox 1658 1546 2056 1613; x_wconf 90' lang='lat' dir='ltr'><strong>floruerunt.</strong></span> <span class='ocrx_word' id='word_1_55' title='bbox 2098 1538 2447 1628; x_wconf 71' lang='lat' dir='ltr'><strong>Attamen,</strong></span> <span class='ocrx_word' id='word_1_56' title='bbox 2495 1566 2714 1631; x_wconf 89' lang='lat' dir='ltr'><strong>quan-</strong></span> 
     </span>
    </p>
   </div>
   <div class='ocr_carea' id='block_1_4' title="bbox 448 1658 2715 3349">
    <p class='ocr_par' dir='ltr' id='par_1_4' title="bbox 448 1658 2715 3349">
     <span class='ocr_line' id='line_1_10' title="bbox 461 1658 2715 1746; baseline 0.002 -24"><span class='ocrx_word' id='word_1_57' title='bbox 461 1674 667 1740; x_wconf 90' lang='lat' dir='ltr'><strong>quam</strong></span> <span class='ocrx_word' id='word_1_58' title='bbox 709 1658 968 1740; x_wconf 91' lang='lat' dir='ltr'><strong>Salelli,</strong></span> <span class='ocrx_word' id='word_1_59' title='bbox 1021 1660 1306 1742; x_wconf 86' lang='lat' dir='ltr'><strong>Scaevae,</strong></span> <span class='ocrx_word' id='word_1_60' title='bbox 1346 1659 1621 1726; x_wconf 86' lang='lat' dir='ltr'><strong>Heroeti</strong></span> <span class='ocrx_word' id='word_1_61' title='bbox 1659 1663 2180 1746; x_wconf 86' lang='lat' dir='ltr'><strong>ceterorumque</strong></span> <span class='ocrx_word' id='word_1_62' title='bbox 2227 1662 2295 1727; x_wconf 93' lang='lat' dir='ltr'><strong>et</strong></span> <span class='ocrx_word' id='word_1_63' title='bbox 2331 1662 2613 1727; x_wconf 91' lang='lat' dir='ltr'><strong>nomina</strong></span> <span class='ocrx_word' id='word_1_64' title='bbox 2646 1663 2715 1727; x_wconf 89' lang='lat' dir='ltr'><strong>et</strong></span> 
     </span>
     <span class='ocr_line' id='line_1_11' title="bbox 461 1771 2713 1860; baseline 0.001 -24"><span class='ocrx_word' id='word_1_65' title='bbox 461 1771 778 1856; x_wconf 81' lang='lat' dir='ltr'><strong>exempla</strong></span> <span class='ocrx_word' id='word_1_66' title='bbox 811 1773 1193 1860; x_wconf 86' lang='lat' dir='ltr'><strong>saepissime</strong></span> <span class='ocrx_word' id='word_1_67' title='bbox 1224 1772 1550 1857; x_wconf 86' lang='lat' dir='ltr'><strong>proferat,</strong></span> <span class='ocrx_word' id='word_1_68' title='bbox 1572 1773 1996 1839; x_wconf 87' lang='lat' dir='ltr'><strong>Clementem</strong></span> <span class='ocrx_word' id='word_1_69' title='bbox 2021 1775 2360 1840; x_wconf 88' lang='lat' dir='ltr'><strong>Marotum</strong></span> <span class='ocrx_word' id='word_1_70' title='bbox 2386 1773 2713 1839; x_wconf 82' lang='lat' dir='ltr'><strong>libentius</strong></span> 
     </span>
     <span class='ocr_line' id='line_1_12' title="bbox 460 1884 2714 1972; baseline 0.002 -23"><span class='ocrx_word' id='word_1_71' title='bbox 460 1902 665 1967; x_wconf 90' lang='lat' dir='ltr'><strong>quam</strong></span> <span class='ocrx_word' id='word_1_72' title='bbox 707 1884 884 1951; x_wconf 88' lang='lat' dir='ltr'><strong>alios</strong></span> <span class='ocrx_word' id='word_1_73' title='bbox 927 1885 1259 1968; x_wconf 89' lang='lat' dir='ltr'><strong>sequitur,</strong></span> <span class='ocrx_word' id='word_1_74' title='bbox 1299 1904 1592 1970; x_wconf 91' lang='lat' dir='ltr'><strong>eumque</strong></span> <span class='ocrx_word' id='word_1_75' title='bbox 1631 1903 1756 1971; x_wconf 90' lang='lat' dir='ltr'><strong>pro</strong></span> <span class='ocrx_word' id='word_1_76' title='bbox 1803 1886 1975 1953; x_wconf 88' lang='lat' dir='ltr'><strong>duce</strong></span> <span class='ocrx_word' id='word_1_77' title='bbox 2011 1888 2080 1952; x_wconf 92' lang='lat' dir='ltr'><strong>et</strong></span> <span class='ocrx_word' id='word_1_78' title='bbox 2125 1886 2458 1970; x_wconf 88' lang='lat' dir='ltr'><strong>magistro</strong></span> <span class='ocrx_word' id='word_1_79' title='bbox 2499 1887 2714 1972; x_wconf 89' lang='lat' dir='ltr'><strong>potis-</strong></span> 
     </span>
     <span class='ocr_line' id='line_1_13' title="bbox 457 2001 2714 2087; baseline 0 -19"><span class='ocrx_word' id='word_1_80' title='bbox 457 2001 708 2068; x_wconf 89' lang='lat' dir='ltr'><strong>simum</strong></span> <span class='ocrx_word' id='word_1_81' title='bbox 748 2002 979 2068; x_wconf 89' lang='lat' dir='ltr'><strong>habet.</strong></span> <span class='ocrx_word' id='word_1_82' title='bbox 1029 2002 1320 2068; x_wconf 89' lang='lat' dir='ltr'><strong>Multum</strong></span> <span class='ocrx_word' id='word_1_83' title='bbox 1353 2003 1639 2087; x_wconf 88' lang='lat' dir='ltr'><strong>interest</strong></span> <span class='ocrx_word' id='word_1_84' title='bbox 1669 2003 1801 2069; x_wconf 88' lang='lat' dir='ltr'><strong>hoc</strong></span> <span class='ocrx_word' id='word_1_85' title='bbox 1838 2002 2212 2086; x_wconf 84' lang='lat' dir='ltr'><strong>diligenter</strong></span> <span class='ocrx_word' id='word_1_86' title='bbox 2245 2002 2467 2068; x_wconf 89' lang='lat' dir='ltr'><strong>notari</strong></span> <span class='ocrx_word' id='word_1_87' title='bbox 2501 2018 2516 2069; x_wconf 90' lang='lat'><strong>:</strong></span> <span class='ocrx_word' id='word_1_88' title='bbox 2566 2003 2714 2068; x_wconf 90' lang='lat' dir='ltr'><strong>Ma-</strong></span> 
     </span>
     <span class='ocr_line' id='line_1_14' title="bbox 458 2115 2710 2202; baseline 0.002 -22"><span class='ocrx_word' id='word_1_89' title='bbox 458 2120 606 2181; x_wconf 88' lang='lat' dir='ltr'><strong>roto</strong></span> <span class='ocrx_word' id='word_1_90' title='bbox 655 2116 864 2198; x_wconf 90' lang='lat' dir='ltr'><strong>enim,</strong></span> <span class='ocrx_word' id='word_1_91' title='bbox 908 2116 1177 2183; x_wconf 88' lang='lat' dir='ltr'><strong>etiamsi</strong></span> <span class='ocrx_word' id='word_1_92' title='bbox 1224 2135 1379 2183; x_wconf 86' lang='lat' dir='ltr'><strong>cum</strong></span> <span class='ocrx_word' id='word_1_93' title='bbox 1415 2115 1661 2183; x_wconf 84' lang='lat' dir='ltr'><strong>ceteris</strong></span> <span class='ocrx_word' id='word_1_94' title='bbox 1714 2117 2024 2200; x_wconf 89' lang='lat' dir='ltr'><strong>ejusdem</strong></span> <span class='ocrx_word' id='word_1_95' title='bbox 2068 2117 2401 2202; x_wconf 89' lang='lat' dir='ltr'><strong>temporis</strong></span> <span class='ocrx_word' id='word_1_96' title='bbox 2437 2117 2710 2184; x_wconf 86' lang='lat' dir='ltr'><strong>vatibus</strong></span> 
     </span>
     <span class='ocr_line' id='line_1_15' title="bbox 455 2228 2707 2317; baseline 0.002 -23"><span class='ocrx_word' id='word_1_97' title='bbox 455 2228 672 2295; x_wconf 91' lang='lat' dir='ltr'><strong>multa</strong></span> <span class='ocrx_word' id='word_1_98' title='bbox 704 2230 768 2295; x_wconf 92' lang='lat' dir='ltr'><strong>ei</strong></span> <span class='ocrx_word' id='word_1_99' title='bbox 804 2230 939 2296; x_wconf 91' lang='lat' dir='ltr'><strong>sint</strong></span> <span class='ocrx_word' id='word_1_100' title='bbox 964 2231 1381 2312; x_wconf 85' lang='lat' dir='ltr'><strong>communia,</strong></span> <span class='ocrx_word' id='word_1_101' title='bbox 1410 2230 1691 2317; x_wconf 86' lang='lat' dir='ltr'><strong>propria</strong></span> <span class='ocrx_word' id='word_1_102' title='bbox 1719 2232 1904 2296; x_wconf 84' lang='lat' dir='ltr'><strong>certe</strong></span> <span class='ocrx_word' id='word_1_103' title='bbox 1942 2248 2023 2296; x_wconf 90' lang='lat' dir='ltr'><strong>ac</strong></span> <span class='ocrx_word' id='word_1_104' title='bbox 2049 2230 2419 2314; x_wconf 69' lang='lat' dir='ltr'><strong>peculiaris</strong></span> <span class='ocrx_word' id='word_1_105' title='bbox 2440 2230 2707 2298; x_wconf 88' lang='lat' dir='ltr'><strong>indoles</strong></span> 
     </span>
     <span class='ocr_line' id='line_1_16' title="bbox 456 2322 2711 2433; baseline 0.001 -25"><span class='ocrx_word' id='word_1_106' title='bbox 456 2343 656 2410; x_wconf 85' lang='lat' dir='ltr'><strong>inest.</strong></span> <span class='ocrx_word' id='word_1_107' title='bbox 697 2345 864 2411; x_wconf 90' lang='lat' dir='ltr'><strong>Cum</strong></span> <span class='ocrx_word' id='word_1_108' title='bbox 905 2345 1090 2411; x_wconf 90' lang='lat' dir='ltr'><strong>omni</strong></span> <span class='ocrx_word' id='word_1_109' title='bbox 1127 2345 1439 2411; x_wconf 88' lang='lat' dir='ltr'><strong>doctrina</strong></span> <span class='ocrx_word' id='word_1_110' title='bbox 1473 2347 1540 2410; x_wconf 91' lang='lat' dir='ltr'><strong>et</strong></span> <span class='ocrx_word' id='word_1_111' title='bbox 1573 2344 1976 2411; x_wconf 83' lang='lat' dir='ltr'><strong>eruditione·</strong></span> <span class='ocrx_word' id='word_1_112' title='bbox 1994 2344 2258 2433; x_wconf 91' lang='lat' dir='ltr'><strong>poesim</strong></span> <span class='ocrx_word' id='word_1_113' title='bbox 2294 2322 2711 2410; x_wconf 60' lang='lat' dir='ltr'><strong>serm¹onem-</strong></span> 
     </span>
     <span class='ocr_line' id='line_1_17' title="bbox 455 2458 2705 2544; baseline 0.001 -19"><span class='ocrx_word' id='word_1_114' title='bbox 455 2477 586 2542; x_wconf 90' lang='lat' dir='ltr'><strong>que</strong></span> <span class='ocrx_word' id='word_1_115' title='bbox 622 2462 932 2525; x_wconf 88' lang='lat' dir='ltr'><strong>nostrum</strong></span> <span class='ocrx_word' id='word_1_116' title='bbox 973 2459 1044 2525; x_wconf 89' lang='lat' dir='ltr'><strong>hi</strong></span> <span class='ocrx_word' id='word_1_117' title='bbox 1075 2460 1467 2542; x_wconf 84' lang='lat' dir='ltr'><strong>referciant,</strong></span> <span class='ocrx_word' id='word_1_118' title='bbox 1517 2459 1633 2524; x_wconf 93' lang='lat' dir='ltr'><strong>ille</strong></span> <span class='ocrx_word' id='word_1_119' title='bbox 1669 2461 1909 2525; x_wconf 89' lang='lat' dir='ltr'><strong>contra</strong></span> <span class='ocrx_word' id='word_1_120' title='bbox 1947 2458 2397 2525; x_wconf 82' lang='lat' dir='ltr'><strong>domesticam</strong></span> <span class='ocrx_word' id='word_1_121' title='bbox 2431 2460 2705 2544; x_wconf 83' lang='lat' dir='ltr'><strong>gallicae</strong></span> 
     </span>
     <span class='ocr_line' id='line_1_18' title="bbox 454 2572 2704 2660; baseline 0.001 -21"><span class='ocrx_word' id='word_1_122' title='bbox 454 2591 672 2640; x_wconf 88' lang='lat' dir='ltr'><strong>musae</strong></span> <span class='ocrx_word' id='word_1_123' title='bbox 701 2592 952 2640; x_wconf 84' lang='lat' dir='ltr'><strong>venam</strong></span> <span class='ocrx_word' id='word_1_124' title='bbox 984 2574 1444 2660; x_wconf 86' lang='lat' dir='ltr'><strong>persequitur,</strong></span> <span class='ocrx_word' id='word_1_125' title='bbox 1479 2576 1569 2657; x_wconf 83' lang='lat' dir='ltr'><strong>et,</strong></span> <span class='ocrx_word' id='word_1_126' title='bbox 1608 2572 1923 2658; x_wconf 86' lang='lat' dir='ltr'><strong>quamvis</strong></span> <span class='ocrx_word' id='word_1_127' title='bbox 1962 2590 2005 2638; x_wconf 91' lang='lat' dir='ltr'><strong>a</strong></span> <span class='ocrx_word' id='word_1_128' title='bbox 2033 2575 2294 2657; x_wconf 90' lang='lat' dir='ltr'><strong>Majore</strong></span> <span class='ocrx_word' id='word_1_129' title='bbox 2330 2575 2704 2659; x_wconf 86' lang='lat' dir='ltr'><strong>Scaevaque</strong></span> 
     </span>
     <span class='ocr_line' id='line_1_19' title="bbox 453 2684 2703 2772; baseline 0.002 -22"><span class='ocrx_word' id='word_1_130' title='bbox 453 2684 540 2750; x_wconf 91' lang='lat' dir='ltr'><strong>ad</strong></span> <span class='ocrx_word' id='word_1_131' title='bbox 593 2687 974 2753; x_wconf 81' lang='lat' dir='ltr'><strong>carminum</strong></span> <span class='ocrx_word' id='word_1_132' title='bbox 1024 2689 1244 2753; x_wconf 89' lang='lat' dir='ltr'><strong>artem</strong></span> <span class='ocrx_word' id='word_1_133' title='bbox 1289 2686 1378 2753; x_wconf 88' lang='lat' dir='ltr'><strong>sit</strong></span> <span class='ocrx_word' id='word_1_134' title='bbox 1428 2686 1803 2766; x_wconf 82' lang='lat' dir='ltr'><strong>institutuS,</strong></span> <span class='ocrx_word' id='word_1_135' title='bbox 1855 2685 2223 2752; x_wconf 86' lang='lat' dir='ltr'><strong>Rutebovii</strong></span> <span class='ocrx_word' id='word_1_136' title='bbox 2270 2685 2703 2772; x_wconf 90' lang='lat' dir='ltr'><strong>Villonisque</strong></span> 
     </span>
     <span class='ocr_line' id='line_1_20' title="bbox 451 2790 2703 2886; baseline 0.002 -22"><span class='ocrx_word' id='word_1_137' title='bbox 451 2790 747 2886; x_wconf 85' lang='lat' dir='ltr'><strong>vestigia</strong></span> <span class='ocrx_word' id='word_1_138' title='bbox 778 2818 1118 2885; x_wconf 90' lang='lat' dir='ltr'><strong>nusquam</strong></span> <span class='ocrx_word' id='word_1_139' title='bbox 1148 2800 1487 2886; x_wconf 89' lang='lat' dir='ltr'><strong>repudiat.</strong></span> <span class='ocrx_word' id='word_1_140' title='bbox 1527 2801 1930 2868; x_wconf 84' lang='lat' dir='ltr'><strong>Graecarum</strong></span> <span class='ocrx_word' id='word_1_141' title='bbox 1960 2802 2144 2866; x_wconf 85' lang='lat' dir='ltr'><strong>certe</strong></span> <span class='ocrx_word' id='word_1_142' title='bbox 2175 2799 2703 2886; x_wconf 85' lang='lat' dir='ltr'><strong>praesertimque</strong></span> 
     </span>
     <span class='ocr_line' id='line_1_21' title="bbox 450 2914 2697 2999; baseline 0 -19"><span class='ocrx_word' id='word_1_143' title='bbox 450 2915 847 2982; x_wconf 89' lang='lat' dir='ltr'><strong>Latinarum</strong></span> <span class='ocrx_word' id='word_1_144' title='bbox 911 2915 1299 2982; x_wconf 86' lang='lat' dir='ltr'><strong>litterarum</strong></span> <span class='ocrx_word' id='word_1_145' title='bbox 1373 2915 1793 2998; x_wconf 86' lang='lat' dir='ltr'><strong>elegantiam</strong></span> <span class='ocrx_word' id='word_1_146' title='bbox 1865 2914 2295 2999; x_wconf 90' lang='lat' dir='ltr'><strong>nitoremque</strong></span> <span class='ocrx_word' id='word_1_147' title='bbox 2376 2914 2644 2980; x_wconf 88' lang='lat' dir='ltr'><strong>redolet</strong></span> <span class='ocrx_word' id='word_1_148' title='bbox 2680 2930 2697 2980; x_wconf 88' lang='lat'>:</span> 
     </span>
     <span class='ocr_line' id='line_1_22' title="bbox 448 3030 2703 3118; baseline 0 -22"><span class='ocrx_word' id='word_1_149' title='bbox 448 3034 703 3118; x_wconf 85' lang='lat' dir='ltr'><strong>praeter</strong></span> <span class='ocrx_word' id='word_1_150' title='bbox 746 3031 1101 3098; x_wconf 89' lang='lat' dir='ltr'><strong>Valerium</strong></span> <span class='ocrx_word' id='word_1_151' title='bbox 1144 3033 1594 3116; x_wconf 90' lang='lat' dir='ltr'><strong>Orosumque,</strong></span> <span class='ocrx_word' id='word_1_152' title='bbox 1633 3049 1806 3115; x_wconf 91' lang='lat' dir='ltr'><strong>quos</strong></span> <span class='ocrx_word' id='word_1_153' title='bbox 1842 3049 1995 3096; x_wconf 88' lang='lat' dir='ltr'><strong>sese</strong></span> <span class='ocrx_word' id='word_1_154' title='bbox 2032 3030 2286 3115; x_wconf 88' lang='lat' dir='ltr'><strong>legisse</strong></span> <span class='ocrx_word' id='word_1_155' title='bbox 2313 3030 2460 3116; x_wconf 91' lang='lat' dir='ltr'><strong>ipse</strong></span> <span class='ocrx_word' id='word_1_156' title='bbox 2492 3032 2703 3097; x_wconf 87' lang='lat' dir='ltr'><strong>testa-</strong></span> 
     </span>
     <span class='ocr_line' id='line_1_23' title="bbox 448 3145 2703 3234; baseline 0.001 -23"><span class='ocrx_word' id='word_1_157' title='bbox 448 3147 559 3212; x_wconf 91' lang='lat' dir='ltr'><strong>tur</strong></span> <span class='ocrx_word' id='word_1_158' title='bbox 594 3145 703 3234; x_wconf 93' lang='lat'><strong>(1),</strong></span> <span class='ocrx_word' id='word_1_159' title='bbox 742 3147 1154 3231; x_wconf 89' lang='lat' dir='ltr'><strong>Vergilium,</strong></span> <span class='ocrx_word' id='word_1_160' title='bbox 1192 3148 1565 3228; x_wconf 90' lang='lat' dir='ltr'><strong>Nasonem,</strong></span> <span class='ocrx_word' id='word_1_161' title='bbox 1603 3146 1971 3227; x_wconf 89' lang='lat' dir='ltr'><strong>Catullum,</strong></span> <span class='ocrx_word' id='word_1_162' title='bbox 2011 3146 2423 3229; x_wconf 89' lang='lat' dir='ltr'><strong>Martialem,</strong></span> <span class='ocrx_word' id='word_1_163' title='bbox 2461 3148 2703 3213; x_wconf 88' lang='lat' dir='ltr'><strong>Petro-</strong></span> 
     </span>
     <span class='ocr_line' id='line_1_24' title="bbox 448 3260 2702 3349; baseline 0 -22"><span class='ocrx_word' id='word_1_164' title='bbox 448 3262 639 3327; x_wconf 91' lang='lat' dir='ltr'><strong>nium</strong></span> <span class='ocrx_word' id='word_1_165' title='bbox 682 3264 1008 3348; x_wconf 80' lang='lat' dir='ltr'><strong>noverat3</strong></span> <span class='ocrx_word' id='word_1_166' title='bbox 1058 3262 1179 3328; x_wconf 91' lang='lat' dir='ltr'><strong>sed</strong></span> <span class='ocrx_word' id='word_1_167' title='bbox 1224 3261 1310 3327; x_wconf 91' lang='lat' dir='ltr'><strong>ad</strong></span> <span class='ocrx_word' id='word_1_168' title='bbox 1345 3263 1528 3326; x_wconf 89' lang='lat' dir='ltr'><strong>artes</strong></span> <span class='ocrx_word' id='word_1_169' title='bbox 1566 3260 1969 3345; x_wconf 88' lang='lat' dir='ltr'><strong>litterasque</strong></span> <span class='ocrx_word' id='word_1_170' title='bbox 2005 3261 2327 3349; x_wconf 90' lang='lat' dir='ltr'><strong>pessime,</strong></span> <span class='ocrx_word' id='word_1_171' title='bbox 2372 3264 2440 3327; x_wconf 89' lang='lat' dir='ltr'><strong>ut</strong></span> <span class='ocrx_word' id='word_1_172' title='bbox 2486 3263 2607 3343; x_wconf 78' lang='lat' dir='ltr'><strong>ai&#39;t,</strong></span> <span class='ocrx_word' id='word_1_173' title='bbox 2659 3279 2702 3327; x_wconf 91' lang='lat' dir='ltr'><strong>a</strong></span> 
     </span>
    </p>
   </div>
   <div class='ocr_carea' id='block_1_5' title="bbox 422 3377 1290 3462">
    <p class='ocr_par' dir='ltr' id='par_1_5' title="bbox 422 3377 1290 3462">
     <span class='ocr_line' id='line_1_25' title="bbox 422 3377 1290 3462; baseline 0 -18"><span class='ocrx_word' id='word_1_174' title='bbox 422 3377 680 3462; x_wconf 68' lang='lat' dir='ltr'><strong>‘pueris</strong></span> <span class='ocrx_word' id='word_1_175' title='bbox 713 3381 862 3445; x_wconf 84' lang='lat' dir='ltr'><strong>erat</strong></span> <span class='ocrx_word' id='word_1_176' title='bbox 894 3378 1245 3448; x_wconf 86' lang='lat' dir='ltr'><strong>institutus</strong></span> <span class='ocrx_word' id='word_1_177' title='bbox 1276 3394 1290 3444; x_wconf 91' lang='lat'>:</span> 
     </span>
    </p>
   </div>
   <div class='ocr_carea' id='block_1_6' title="bbox 951 3549 2012 3643">
    <p class='ocr_par' dir='ltr' id='par_1_6' title="bbox 951 3549 2012 3643">
     <span class='ocr_line' id='line_1_26' title="bbox 951 3549 2012 3643; baseline -0.005 -26"><span class='ocrx_word' id='word_1_178' title='bbox 951 3602 965 3616; x_wconf 91' lang='lat'><strong>.</strong></span> <span class='ocrx_word' id='word_1_179' title='bbox 1020 3550 1394 3643; x_wconf 63' lang='lat' dir='ltr'><strong>c&#39;estoyent</strong></span> <span class='ocrx_word' id='word_1_180' title='bbox 1426 3549 1511 3615; x_wconf 89' lang='lat' dir='ltr'><strong>de</strong></span> <span class='ocrx_word' id='word_1_181' title='bbox 1536 3567 1749 3634; x_wconf 87' lang='lat' dir='ltr'><strong>grans</strong></span> <span class='ocrx_word' id='word_1_182' title='bbox 1783 3549 2012 3613; x_wconf 89' lang='lat' dir='ltr'><strong>bestes</strong></span> 
     </span>
    </p>
   </div>
   <div class='ocr_carea' id='block_1_7' title="bbox 790 3662 1981 3859">
    <p class='ocr_par' dir='ltr' id='par_1_7' title="bbox 790 3662 1981 3859">
     <span class='ocr_line' id='line_1_27' title="bbox 796 3662 1981 3752; baseline -0.003 -20"><span class='ocrx_word' id='word_1_183' title='bbox 796 3667 937 3741; x_wconf 89' lang='lat' dir='ltr'><strong>Que</strong></span> <span class='ocrx_word' id='word_1_184' title='bbox 970 3665 1073 3731; x_wconf 91' lang='lat' dir='ltr'><strong>les</strong></span> <span class='ocrx_word' id='word_1_185' title='bbox 1107 3681 1358 3748; x_wconf 91' lang='lat' dir='ltr'><strong>regens</strong></span> <span class='ocrx_word' id='word_1_186' title='bbox 1393 3664 1485 3730; x_wconf 92' lang='lat' dir='ltr'><strong>du</strong></span> <span class='ocrx_word' id='word_1_187' title='bbox 1522 3666 1745 3752; x_wconf 88' lang='lat' dir='ltr'><strong>temps</strong></span> <span class='ocrx_word' id='word_1_188' title='bbox 1769 3662 1981 3747; x_wconf 75' lang='lat' dir='ltr'><strong>Jadis.</strong></span> 
     </span>
     <span class='ocr_line' id='line_1_28' title="bbox 790 3773 1870 3859; baseline -0.004 -18"><span class='ocrx_word' id='word_1_189' title='bbox 790 3775 1049 3841; x_wconf 87' lang='lat' dir='ltr'><strong>Jamais</strong></span> <span class='ocrx_word' id='word_1_190' title='bbox 1067 3775 1142 3859; x_wconf 89' lang='lat' dir='ltr'><strong>je</strong></span> <span class='ocrx_word' id='word_1_191' title='bbox 1169 3775 1434 3840; x_wconf 90' lang='lat' dir='ltr'><strong>n&#39;entre</strong></span> <span class='ocrx_word' id='word_1_192' title='bbox 1469 3792 1556 3839; x_wconf 93' lang='lat' dir='ltr'><strong>en</strong></span> <span class='ocrx_word' id='word_1_193' title='bbox 1591 3773 1870 3857; x_wconf 88' lang='lat' dir='ltr'><strong>paradis</strong></span> 
     </span>
    </p>
   </div>
   <div class='ocr_carea' id='block_1_8' title="bbox 704 3875 2202 3979">
    <p class='ocr_par' dir='ltr' id='par_1_8' title="bbox 704 3875 2202 3979">
     <span class='ocr_line' id='line_1_29' title="bbox 704 3875 2202 3979; baseline -0.002 -23"><span class='ocrx_word' id='word_1_194' title='bbox 704 3875 708 3880; x_wconf 40' lang='lat'><strong>⁴</strong></span> <span class='ocrx_word' id='word_1_195' title='bbox 791 3890 945 3958; x_wconf 91' lang='lat' dir='ltr'><strong>S&#39;ils</strong></span> <span class='ocrx_word' id='word_1_196' title='bbox 977 3909 1064 3956; x_wconf 93' lang='lat' dir='ltr'><strong>ne</strong></span> <span class='ocrx_word' id='word_1_197' title='bbox 1097 3890 1311 3956; x_wconf 91' lang='lat' dir='ltr'><strong>m&#39;ont</strong></span> <span class='ocrx_word' id='word_1_198' title='bbox 1344 3889 1561 3979; x_wconf 91' lang='lat' dir='ltr'><strong>perdu</strong></span> <span class='ocrx_word' id='word_1_199' title='bbox 1596 3907 1710 3954; x_wconf 90' lang='lat' dir='ltr'><strong>ma</strong></span> <span class='ocrx_word' id='word_1_200' title='bbox 1726 3890 2062 3973; x_wconf 87' lang='lat' dir='ltr'><strong>jeunesse</strong></span> <span class='ocrx_word' id='word_1_201' title='bbox 2095 3886 2202 3974; x_wconf 80' lang='lat'><strong>(2).</strong></span> 
     </span>
    </p>
   </div>
   <div class='ocr_carea' id='block_1_9' title="bbox 439 4061 2692 4265">
    <p class='ocr_par' dir='ltr' id='par_1_9' title="bbox 439 4061 2692 4265">
     <span class='ocr_line' id='line_1_30' title="bbox 439 4061 2692 4154; baseline -0.002 -23"><span class='ocrx_word' id='word_1_202' title='bbox 439 4065 806 4152; x_wconf 91' lang='lat' dir='ltr'><strong>Nunquam</strong></span> <span class='ocrx_word' id='word_1_203' title='bbox 850 4084 1015 4133; x_wconf 87' lang='lat' dir='ltr'><strong>vero</strong></span> <span class='ocrx_word' id='word_1_204' title='bbox 1064 4065 1522 4132; x_wconf 90' lang='lat' dir='ltr'><strong>eruditionem</strong></span> <span class='ocrx_word' id='word_1_205' title='bbox 1561 4063 1839 4154; x_wconf 91' lang='lat' dir='ltr'><strong>plurimi</strong></span> <span class='ocrx_word' id='word_1_206' title='bbox 1877 4063 2089 4129; x_wconf 86' lang='lat' dir='ltr'><strong>facit:</strong></span> <span class='ocrx_word' id='word_1_207' title='bbox 2137 4061 2465 4146; x_wconf 90' lang='lat' dir='ltr'><strong>quidquid</strong></span> <span class='ocrx_word' id='word_1_208' title='bbox 2510 4061 2692 4147; x_wconf 88' lang='lat' dir='ltr'><strong>apud</strong></span> 
     </span>
     <span class='ocr_line' id='line_1_31' title="bbox 443 4177 2690 4265; baseline -0 -21"><span class='ocrx_word' id='word_1_209' title='bbox 443 4184 711 4248; x_wconf 84' lang='lat' dir='ltr'><strong>veteres</strong></span> <span class='ocrx_word' id='word_1_210' title='bbox 735 4181 934 4248; x_wconf 88' lang='lat' dir='ltr'><strong>ardui</strong></span> <span class='ocrx_word' id='word_1_211' title='bbox 963 4180 1258 4264; x_wconf 80' lang='lat' dir='ltr'><strong>videtur,</strong></span> <span class='ocrx_word' id='word_1_212' title='bbox 1288 4180 1559 4265; x_wconf 90' lang='lat' dir='ltr'><strong>penitus</strong></span> <span class='ocrx_word' id='word_1_213' title='bbox 1580 4179 1866 4262; x_wconf 86' lang='lat' dir='ltr'><strong>fastidit,</strong></span> <span class='ocrx_word' id='word_1_214' title='bbox 1894 4178 2355 4263; x_wconf 88' lang='lat' dir='ltr'><strong>gallicamque</strong></span> <span class='ocrx_word' id='word_1_215' title='bbox 2377 4177 2690 4261; x_wconf 91' lang='lat' dir='ltr'><strong>linguam</strong></span> 
     </span>
    </p>
   </div>
   <div class='ocr_carea' id='block_1_10' title="bbox 442 4336 779 4350">
    <p class='ocr_par' dir='ltr' id='par_1_10' title="bbox 442 4336 779 4350">
     <span class='ocr_line' id='line_1_32' title="bbox 442 4336 779 4350; baseline 0 0"><span class='ocrx_word' id='word_1_216' title='bbox 442 4336 779 4350; x_wconf 95' lang='lat' dir='ltr'><strong> </strong></span> 
     </span>
    </p>
   </div>
   <div class='ocr_carea' id='block_1_11' title="bbox 488 4427 1949 4618">
    <p class='ocr_par' dir='ltr' id='par_1_11' title="bbox 488 4427 1949 4618">
     <span class='ocr_line' id='line_1_33' title="bbox 488 4427 1831 4484; baseline -0.003 -8"><span class='ocrx_word' id='word_1_217' title='bbox 488 4432 549 4482; x_wconf 79' lang='lat' dir='ltr'><strong>(ll</strong></span> <span class='ocrx_word' id='word_1_218' title='bbox 643 4446 657 4456; x_wconf 80' lang='lat'><strong>·</strong></span> <span class='ocrx_word' id='word_1_219' title='bbox 856 4429 965 4484; x_wconf 80' lang='lat' dir='ltr'><strong>J&#39;ay</strong></span> <span class='ocrx_word' id='word_1_220' title='bbox 984 4429 1066 4473; x_wconf 82' lang='lat' dir='ltr'><strong>leu</strong></span> <span class='ocrx_word' id='word_1_221' title='bbox 1085 4428 1222 4473; x_wconf 81' lang='lat' dir='ltr'><strong>aussi</strong></span> <span class='ocrx_word' id='word_1_222' title='bbox 1243 4428 1290 4472; x_wconf 83' lang='lat' dir='ltr'><strong>le</strong></span> <span class='ocrx_word' id='word_1_223' title='bbox 1315 4428 1529 4474; x_wconf 80' lang='lat' dir='ltr'><strong>Romant</strong></span> <span class='ocrx_word' id='word_1_224' title='bbox 1549 4428 1610 4472; x_wconf 82' lang='lat' dir='ltr'><strong>de</strong></span> <span class='ocrx_word' id='word_1_225' title='bbox 1629 4429 1679 4473; x_wconf 78' lang='lat' dir='ltr'><strong>la</strong></span> <span class='ocrx_word' id='word_1_226' title='bbox 1697 4427 1831 4473; x_wconf 71' lang='lat' dir='ltr'><strong>Rosa</strong></span> 
     </span>
     <span class='ocr_line' id='line_1_34' title="bbox 868 4496 1886 4553; baseline -0.004 -11"><span class='ocrx_word' id='word_1_227' title='bbox 868 4498 1069 4542; x_wconf 78' lang='lat' dir='ltr'><strong>Maietre</strong></span> <span class='ocrx_word' id='word_1_228' title='bbox 1088 4509 1150 4542; x_wconf 88' lang='lat' dir='ltr'><strong>en</strong></span> <span class='ocrx_word' id='word_1_229' title='bbox 1169 4508 1357 4553; x_wconf 78' lang='lat' dir='ltr'><strong>amour,</strong></span> <span class='ocrx_word' id='word_1_230' title='bbox 1377 4499 1427 4541; x_wconf 83' lang='lat' dir='ltr'><strong>et</strong></span> <span class='ocrx_word' id='word_1_231' title='bbox 1446 4497 1639 4550; x_wconf 70' lang='lat' dir='ltr'><strong>Valere,</strong></span> <span class='ocrx_word' id='word_1_232' title='bbox 1662 4497 1714 4540; x_wconf 83' lang='lat' dir='ltr'><strong>et</strong></span> <span class='ocrx_word' id='word_1_233' title='bbox 1730 4496 1886 4540; x_wconf 83' lang='lat' dir='ltr'><strong>Orose</strong></span> 
     </span>
     <span class='ocr_line' id='line_1_35' title="bbox 864 4561 1949 4618; baseline -0.006 -9"><span class='ocrx_word' id='word_1_234' title='bbox 864 4565 1083 4609; x_wconf 70' lang='lat' dir='ltr'><strong>Contans</strong></span> <span class='ocrx_word' id='word_1_235' title='bbox 1101 4565 1176 4607; x_wconf 80' lang='lat' dir='ltr'><strong>les</strong></span> <span class='ocrx_word' id='word_1_236' title='bbox 1200 4562 1313 4608; x_wconf 77' lang='lat' dir='ltr'><strong>faits</strong></span> <span class='ocrx_word' id='word_1_237' title='bbox 1333 4564 1423 4608; x_wconf 81' lang='lat' dir='ltr'><strong>des</strong></span> <span class='ocrx_word' id='word_1_238' title='bbox 1443 4564 1671 4618; x_wconf 78' lang='lat' dir='ltr'><strong>antiques</strong></span> <span class='ocrx_word' id='word_1_239' title='bbox 1693 4561 1949 4606; x_wconf 77' lang='lat' dir='ltr'><strong>Romains.</strong></span> 
     </span>
    </p>
   </div>
   <div class='ocr_carea' id='block_1_12' title="bbox 491 4645 947 4701">
    <p class='ocr_par' dir='ltr' id='par_1_12' title="bbox 491 4645 947 4701">
     <span class='ocr_line' id='line_1_36' title="bbox 491 4645 947 4701; baseline -0.002 -12"><span class='ocrx_word' id='word_1_240' title='bbox 491 4646 552 4700; x_wconf 77' lang='lat'><strong>(2)</strong></span> <span class='ocrx_word' id='word_1_241' title='bbox 582 4646 752 4701; x_wconf 68' lang='lat' dir='ltr'><strong>epm„</strong></span> <span class='ocrx_word' id='word_1_242' title='bbox 775 4645 947 4690; x_wconf 77' lang='lat' dir='ltr'><strong>xun.</strong></span> 
     </span>
    </p>
   </div>
  </div>
 </body>
</html>
