3561 5729
1323 639 1684 699 —107—

291 806 299 813 ·
373 787 662 854 remisit.
700 790 961 871 Itaque,
998 786 1314 870 quotiens
1349 786 1421 851 in
1456 787 1620 851 Arte
1665 784 1916 874 poetici
1948 784 2312 868 cujuslibet
2351 783 2631 867 generis

374 902 683 986 origines
748 918 1298 987 progressusque.
1343 901 1704 982 memorat,
1762 899 2076 983 singulos
2133 899 2310 964 sexti
2381 897 2632 965 decimi

376 1016 614 1082 saeculi
650 1017 914 1101 poetaS,
946 1014 1060 1098 qui
1096 1015 1229 1080 hoc
1282 1014 1666 1096 coluerunt,
1727 1013 2016 1080 summis
2063 1013 2384 1080 laudibus
2430 1032 2633 1080 exor-

376 1133 516 1196 nat.
595 1129 905 1213 Tragicis
972 1128 1264 1195 Graeciae
1330 1127 1602 1194 vatibus
1668 1127 2080 1194 Garnerium
2136 1128 2431 1193 antefert
2502 1125 2628 1214 (1);

375 1243 813 1310 Ronsardum
843 1259 1035 1321 vero,
1072 1260 1159 1306 ne
1186 1258 1425 1306 omnes
1460 1258 1971 1319 recenseamus,
1996 1258 2135 1306 non
2164 1240 2368 1305 modo
2402 1239 2637 1306 huma-

375 1357 508 1435 niS,
547 1357 669 1421 sed
700 1355 953 1420 divinis
983 1354 1192 1420 etiam
1227 1354 1608 1419 honoribus
1644 1354 1970 1419 cumulat.
2026 1355 2197 1419 Eum
2244 1353 2635 1439 Apollinem

377 1468 625 1535 Galliae
649 1465 730 1553 (2)
761 1470 994 1551 vocat3
1020 1466 1076 1530 si
1108 1466 1195 1531 ad
1224 1466 1373 1547 ejus
1397 1467 1664 1532 sonettcz
1690 1466 2048 1550 respicias,
2078 1467 2371 1532 Tuscum
2394 1485 2641 1551 poema

375 1578 542 1643 vicit
578 1577 708 1663 (3>;
765 1576 820 1641 si
874 1576 962 1640 ad
1023 1575 1253 1653 odam,
1293 1574 1560 1640 nullum
1614 1574 1683 1639 in
1732 1573 1918 1640 omni
1979 1576 2253 1659 Europa
2302 1575 2633 1640 aemulum

376 1694 586 1760 habet
621 1691 746 1778 (4);
809 1691 864 1757 si
912 1692 999 1756 ad
1042 1691 1365 1774 hymnos,
1416 1690 1763 1756 veteribus
1811 1689 1979 1775 ipsis
2022 1692 2347 1775 anteponi
2394 1692 2640 1759 merito

379 1814 603 1899 potest
662 1808 796 1895 (5)3
846 1805 1189 1874 Francius
1234 1825 1400 1872 vero
1461 1807 1636 1891 ipsa,
1687 1806 1744 1871 si
1797 1805 2160 1871 duodecim
2214 1807 2639 1890 syllabarum

380 1924 699 1989 versibus
753 1921 1078 1986 mandata
1127 1924 1333 2003 esset,
1373 1938 1498 2008 pro
1551 1920 1868 1986 absoluto
1931 1920 2370 2008 perfectoque
2430 1939 2640 2006 opere

380 2038 754 2103 haberetur
788 2033 898 2121 (6).

466 2152 561 2215 De
583 2149 692 2215 his
723 2148 1046 2214 laudibus
1076 2148 1452 2233 plurimum
1482 2126 1757 2231 dece'rpi
1807 2147 2112 2231 profecto
2152 2148 2361 2214 debet
2398 2165 2413 2214 :
2468 2167 2643 2215 non-

381 2266 547 2329 dum
577 2266 709 2328 Ars
745 2263 1014 2350 poetica
1050 2262 1235 2327 edita
1260 2261 1484 2327 fuerat
1510 2280 1666 2328 cum
1688 2263 1836 2345 jam
1861 2279 2084 2327 novus
2119 2261 2399 2345 quidam
2419 2265 2636 2345 vateS,

383 2378 790 2443 Franciscus
822 2376 1202 2456 Malherba,
1235 2374 1888 2453 Valkeliniamicus,
1920 2373 2152 2438 omnia
2181 2376 2356 2440 sexti
2393 2377 2640 2442 decimi

383 2490 624 2557 saeculi
657 2508 870 2574 opera
902 2494 1299 2555 transverso
1331 2491 1657 2571 tanquam
1702 2487 1971 2553 calamo
2012 2488 2291 2569 delevit,
2341 2491 2644 2556 Ronsar-

385 2607 686 2689 dumque
737 2605 961 2689 ipsum
1016 2623 1103 2669 ex
1155 2604 1345 2670 tanto
1391 2602 1908 2687 magnitudinis.
1937 2602 2320 2687 gloriaeque
2365 2604 2643 2688 fastigio

385 2720 472 2786 ad
530 2720 672 2784 ima
736 2717 1215 2803 praecipitavit.
1294 2717 1426 2782 Sed
1496 2717 1842 2782 immerita
1901 2717 2105 2784 unius
2166 2718 2445 2784 fastidia
2504 2738 2645 2785 non

385 2832 614 2916 magis
649 2831 906 2920 posteri
943 2831 1436 2915 probaverunt,
1475 2848 1681 2915 quam
1720 2830 2008 2897 alterius
2047 2832 2327 2898 modum
2359 2850 2644 2916 egressa

388 2945 760 3032 praeconia.
802 2947 887 3010 Ut
909 2945 1174 3027 jndicia
1210 2963 1366 3028 quae
1405 2949 1608 3028 poeta
1639 2949 1877 3012 noster
1925 2946 2009 3010 de
2047 2946 2431 3030 aequalibus
2470 2947 2646 3012 vati-

389 3062 516 3126 bus
551 3062 704 3139 fert,
745 3059 1061 3143 quamvis
1114 3059 1672 3143 magnificentius
1706 3078 1908 3143 aequo
1944 3078 2064 3127 eos
2109 3060 2463 3146 praedicet,
2504 3079 2643 3126 non

387 3181 622 3242 tamen
700 3174 1050 3240 Valkelini
1134 3173 1571 3258 prudentiam
1654 3174 2074 3241 dedecorare
2162 3178 2473 3260 possunt,
2550 3175 2647 3240 ita

390 3289 789 3356 domesticae
819 3289 1049 3373 poesis
1085 3288 1426 3368 notioneS,
1478 3306 1650 3372 quas
1680 3287 1747 3353 in
1786 3291 1948 3353 Arte
1980 3288 2251 3372 poetica
2281 3288 2648 3372 recollegi-

390 3422 569 3484 muS,
606 3402 920 3487 quamvis
953 3402 1149 3468 multi
1182 3402 1318 3467 sint
1348 3401 1509 3483 loci,
1549 3402 1663 3467 ubi
1694 3404 1868 3468 totat
1896 3406 2080 3468 erret
2110 3401 2247 3485 via,
2300 3403 2641 3470 eruditam

389 3518 541 3600 ejus
571 3516 1008 3601 diligentiam
1039 3515 1399 3583 manifeste
1434 3517 1794 3582 testantur.

436 3750 501 3804 (ι)
527 3750 635 3794 Lib.
658 3750 718 3794 11.

448 3827 507 3877 (ω
533 3826 657 3871 unu.

445 3907 510 3959 (3)
535 3905 697 3950 Lim.

444 3984 506 4039 (4)
535 3984 655 4026 unu.

446 4059 508 4113 (5)
538 4059 644 4103 Lib.
666 4059 748 4104 111.

445 4136 509 4191 (6)
532 4137 655 4180 ιωα.
