3561 5729
1361 619 1684 681 ...89-

397 766 742 853 Euripidis
797 765 1071 847 Ionem,
1126 765 1473 844 Orestam,
1521 763 1986 855 kaiyeniam,
2023 762 2391 846 Helenam,
2435 763 2661 833 Alces-

397 885 533 951 tam
566 883 881 948 testatur.

480 999 554 1063 4ν
585 997 696 1063 Be
724 993 1066 1085 pastorali
1110 993 1437 1062 carmine.
1476 1032 1563 1043 --
1605 994 1962 1061 Pastorale
1991 1012 2270 1060 carmen
2306 993 2653 1074 Sibiletus,

395 1115 467 1177 ut
529 1113 738 1176 antea
802 1111 1059 1177 dictum
1126 1112 1254 1189 est,
1307 1108 1685 1176 dramatico
1737 1108 1979 1193 generi
2024 1108 2341 1192 adjungit
2400 1124 2415 1174 :
2478 1108 2654 1175 sexti

395 1226 641 1292 decimi
682 1226 867 1292 enim
911 1225 1148 1293 saeculi
1198 1224 1490 1309 eclogae,
1538 1243 1930 1309 quanquam
1975 1243 2227 1291 scaenae
2270 1243 2407 1291 non
2447 1223 2655 1291 desti-

396 1344 602 1419 natae,
647 1359 980 1427 personas
1012 1341 1430 1426 plerumque·
1453 1340 1784 1407 inducunt
1816 1340 2103 1407 alternis
2133 1340 2399 1407 vicibus
2437 1339 2659 1406 inter-

398 1451 777 1535 loquentes,
828 1455 1004 1516 Ante
1041 1451 1380 1517 Ronsardi
1431 1456 1743 1535 tempoa
1793 1454 2031 1516 natum
2067 1468 2219 1517 esse
2263 1450 2657 1534 cultumque

396 1560 462 1626 in
494 1560 723 1627 Gallia
757 1560 1144 1627 bucolicum
1179 1578 1458 1626 carmen
1511 1559 2071 1639 memoravimuS‚
2104 1560 2299 1643 cujus
2333 1559 2661 1625 artificio-

397 1694 542 1742 sam
588 1685 657 1740 et
701 1675 990 1740 multum
1026 1676 1114 1741 ab
1164 1676 1315 1759 ipsa
1362 1674 1651 1739 veritate
1695 1674 2186 1740 abhorrentem
2231 1673 2535 1758 speciem
2577 1692 2659 1740 ac

398 1790 689 1856 sormam
739 1791 1067 1868 Marotus‚
1117 1792 1501 1876 Vergilium
1552 1792 2109 1877 recentioresque
2155 1791 2372 1856 Italiae
2420 1794 2660 1876 poetas

396 1902 729 1981 imitatuS‚
759 1902 1136 1969 domestico
1159 1905 1307 1969 solo
1331 1904 1601 1969 insevit.
1630 1906 1826 1970 Hunc
1860 1904 2328 1970 bucolicorum
2355 1903 2657 1969 fucatum

396 2015 701 2081 colorem
769 2015 986 2081 nostri
1049 2015 1375 2105 deinceps
1441 2021 1636 2083 vates
1700 2017 2153 2083 retinuerunt.
2220 2015 2656 2100 BellaqueuS.

397 2153 427 2187 «ι
490 2131 759 2194 naturae
821 2128 1069 2213 pictor,
1138 2152 1169 2190 »
1242 2130 1312 2194 in
1375 2130 1839 2215 pastoralibus
1896 2130 2233 2215 poematis
2293 2130 2661 2215 optimates

394 2261 736 2326 regesque
778 2243 1040 2309 inducit
1085 2244 1464 2332 opilionum
1512 2245 1822 2311 vestibus
1871 2245 2172 2311 indutos,
2228 2245 2656 2325 RonsarcluS,

391 2356 712 2440 quamvis
739 2357 995 2422 amoeni
1032 2357 1215 2424 ruris
1246 2358 1457 2439 τίνος,
1493 2376 1914 2442 nemoraque
1950 2364 2018 2424 et
2051 2377 2221 2425 saxa
2255 2378 2493 2426 musco
2528 2360 2661 2425 cir—

395 2471 681 2537 cumlita
725 2475 910 2537 amet
966 2471 1496 2557 inaffectatoque
1542 2473 1801 2561 saepius
1843 2474 2077 2562 lepore
2122 2473 2191 2538 in
2240 2474 2662 2540 carminibus

394 2582 753 2668 depingat,
787 2584 1104 2650 bucolica
1137 2588 1366 2651 tamen
1402 2586 1490 2651 ad
1527 2586 1875 2653 facticium
1918 2587 2099 2651 idem
2137 2604 2360 2670 genus
2389 2604 2663 2652 accom-

394 2697 652 2763 modat.
722 2698 796 2762 In
855 2697 993 2762 illis
1032 2698 1215 2763 enim
1254 2698 1647 2764 Catharinae
1688 2699 2044 2765 Medicaeae
2086 2699 2193 2764 vel
2229 2698 2454 2766 Caroli
2495 2698 2656 2764 noni

394 2808 635 2875 laudes
670 2808 1075 2895 plerumque
1107 2810 1460 2877 celebrant
1489 2814 1669 2878 fictae
1705 2830 1829 2897 per
1858 2812 2268 2896 allegoriam
2308 2829 2654 2897 personae,

395 2924 504 2990 vel
536 2924 895 2991 simulatos
921 2943 1196 2992 amores
1230 2927 1652 2993 mentiuntur
1673 2928 2110 3011 elegantibus
2140 2928 2315 2992 adeo
2344 2927 2660 2993 versibus

393 3058 479 3105 ac
512 3044 653 3106 tam
690 3040 1033 3124 exquisita
1070 3040 1475 3121 subtilitate,
1528 3046 1601 3106 ut
1648 3060 1787 3106 non
1823 3044 2160 3126 pastores,
2199 3040 2457 3107 rustica
2501 3041 2660 3106 vitae

397 3155 895 3221 consuetudine
946 3154 1269 3230 imbutos,
1322 3155 1442 3220 sed
1497 3155 1786 3237 aulicOS,
1839 3156 2025 3220 omni
2085 3173 2354 3221 morum
2399 3172 2663 3220 sermo-

398 3267 641 3351 nisque
675 3265 1046 3333 urbanitati
1074 3270 1142 3332 et
1168 3267 1527 3333 munditiae
1551 3271 1891 3349 assuetos,
1941 3268 2009 3333 in
2044 3267 2659 3352 scaenam-prodire

398 3384 754 3468 appareat.

488 3494 565 3558 In
615 3491 967 3558 Valkelini
1018 3492 1181 3556 Arte
1235 3490 1426 3556 nulla
1482 3491 1567 3558 de
1628 3492 1959 3558 bucolicis
2007 3496 2377 3578 praecepta.
2433 3493 2661 3558 Tertio

401 3606 576 3672 libro
638 3608 787 3690 ejus
847 3604 1129 3690 generis
1191 3605 1500 3689 origines
1559 3612 1924 3689 memorat,
1982 3608 2459 3692 gloriaturque
2516 3611 2660 3674 tum

399 3720 580 3802 quod
618 3720 900 3804 eclogas
926 3718 996 3784 in
1029 3718 1393 3783 Franciam
1430 3721 1577 3805 ipse
1611 3720 1867 3801 intulit,
2606 3702 2613 3706 ’

537 3916 616 3980 Et
649 3935 727 3981 ce
763 3916 1012 3999 flageol
1050 3917 1254 3983 estoit
1286 3916 1467 3983 reste
1504 3918 1900 4004 Napolitain

534 4029 773 4102 Quand
812 4023 1092 4114 pasteur
1126 4031 1248 4096 des
1284 4031 1620 4115 premiers
1654 4049 1775 4098 sur
1815 4032 1915 4097 les
1948 4032 2135 4098 rives
2169 4033 2262 4098 du
2292 4031 2484 4098 Clain

537 4141 744 4206 Hardi
768 4142 842 4224 je
877 4140 1383 4227 l'embouchay.

400 4359 548 4415 tum
579 4347 660 4435 (1)
698 4351 880 4435 quod
917 4351 1232 4417 versibus
1263 4369 1541 4435 prosam
1598 4352 1669 4418 in
1733 4352 1864 4418 hoc
1920 4369 2131 4439 opere
2179 4351 2501 4436 princeps
2542 4351 2665 4416 ad-

454 4595 519 4646 (1)
546 4596 599 4640 In
622 4596 687 4640 iis
706 4598 1040 4653 poematibus,
1058 4599 1240 4656 quibus
1260 4599 1435 4645 titulus
1455 4601 1633 4654 gallice
1653 4617 1678 4640 «
1695 4601 2005 4644 Poe-estotim
2022 4616 2047 4639 n
2072 4601 2343 4660 inscriptus
2362 4603 2459 4655 est,
2476 4601 2663 4646 ultimo

404 4660 590 4712 eciogoe
610 4670 759 4718 prosa
778 4661 1109 4718 versibusque
1129 4662 1298 4709 mixto
1318 4665 1448 4714 sunt.
