3561 5729
1355 709 1672 770 -35-

477 857 820 925 Obsoletis
863 857 1174 943 pristinae
1225 856 1452 942 poesis
1495 854 1869 941 generibus
1915 853 2055 922 alia
2100 855 2511 937 succedunt,
2567 855 2639 921 in

395 971 642 1055 quibus
689 971 1036 1052 Sibiletus,
1092 973 1167 1036 ut
1208 988 1333 1056 par
1376 972 1503 1052 est,
1559 970 1677 1036 diu
1733 970 2161 1053 multumque
2208 969 2635 1035 immoratur.

392 1082 839 1172 Epigramma
886 1080 967 1169 (l)
1004 1082 1301 1171 primum
1341 1081 1694 1163 describit,
1741 1081 1923 1166 quod
1965 1083 2269 1146 Marotus
2319 1080 2407 1146 ad
2457 1100 2646 1147 sum-

393 1215 583 1262 mum
619 1195 877 1281 leporis
917 1214 999 1261 ac
1041 1194 1420 1262 venustatis
1447 1196 1595 1279 jam
1626 1195 2066 1280 perduxerat.
2116 1197 2261 1262 Hoc
2289 1214 2511 1279 genus
2544 1196 2645 1260 tot

394 1327 639 1375 versus
679 1309 1155 1375 tantummodo
1199 1308 1467 1394 recipit,
1515 1312 1680 1394 quot
1727 1310 1959 1394 operis
2003 1309 2366 1394 cujuslibet
2407 1308 2647 1375 titulus

395 1421 753 1489 admittat:
812 1422 1040 1507 itaque
1096 1422 1317 1487 Latini
1371 1425 1594 1507 poetae
1648 1440 1770 1507 pro
1817 1423 2076 1508 optima
2126 1421 2648 1507 epigrammatis

397 1534 625 1619 figura
656 1531 997 1601 distichon
1015 1535 1443 1619 judicavere.
1476 1536 1735 1601 Verum
1769 1535 1847 1601 fit
1880 1536 2135 1619 saepius
2161 1538 2237 1600 ut
2261 1535 2395 1602 duo
2422 1535 2644 1601 solum

398 1667 641 1716 versus
667 1652 881 1715 totam
916 1649 1327 1716 sententiam
1358 1668 1606 1735 capere
1632 1668 1769 1717 non
1796 1650 2096 1736 possint3
2129 1650 2337 1715 immo
2366 1649 2652 1733 triginta

401 1762 509 1828 vel
559 1761 767 1827 etiam
803 1763 1264 1847 quadraginta
1309 1763 1625 1830 versibus
1672 1766 1987 1830 constant
2039 1762 2283 1830 Maroti
2328 1763 2646 1846 quaedam

402 1876 927 1960 epigrammata.
968 1877 1125 1957 Sed,
1164 1895 1298 1961 quo
1335 1877 1566 1961 plures
1604 1888 1763 1943 sunt
1796 1895 2066 1955 versus,
2104 1895 2186 1942 eo
2216 1876 2444 1942 minus
2488 1895 2654 1942 con-

401 1988 682 2054 cinnum
725 1988 1195 2073 epigramma:
1259 2007 1464 2074 quam
1512 1990 1598 2054 ob
1654 2007 1934 2055 causam
1988 1989 2351 2055 duodecim
2407 2007 2651 2054 versus

404 2100 703 2185 optimus
750 2102 1037 2186 quisque
1089 2105 1283 2169 vates
1330 2103 1403 2168 in
1453 2103 1585 2169 hoc
1628 2121 1837 2188 opere
1886 2103 2222 2169 excedere
2266 2120 2406 2168 non
2450 2102 2647 2169 solet.

402 2212 727 2287 Quamvis
756 2213 964 2278 trium
993 2232 1319 2280 versuum
1354 2234 1681 2282 numerus
1716 2215 1949 2280 nescio
1976 2214 2135 2299 quid
2162 2215 2432 2300 abrupti
2456 2216 2524 2280 in
2552 2234 2652 2297 se,

402 2332 477 2395 ut
510 2329 655 2417 ipse
686 2330 1073 2412 confitetur,
1102 2330 1379 2410 habeat,
1409 2329 1744 2413 ejusmodi
1773 2329 2276 2415 epigrammata
2303 2328 2650 2410 Sibiletus,

405 2442 735 2508 Italorum
792 2446 1027 2509 vatum
1077 2443 1484 2508 auctoritate
1549 2442 1790 2523 fretus,
1837 2461 1976 2508 non
2027 2442 2312 2527 respuit.
2378 2440 2656 2529 Rhym-

401 2571 667 2621 morum
703 2556 773 2620 in
810 2556 939 2622 hoc
969 2556 1314 2640 poematio
1358 2556 1670 2622 diversos
1709 2556 1989 2623 ordines
2023 2555 2223 2622 docet
2254 2571 2268 2621 :
2311 2559 2463 2621 octo
2499 2574 2656 2620 ver-

403 2687 601 2736 suum
633 2672 882 2754 figura,
907 2690 1041 2755 qua
1066 2672 1450 2756 saepissime
1478 2671 1581 2738 usi
1611 2675 1807 2736 erant
1829 2671 2034 2755 prisci
2067 2673 2315 2755 poetae,
2351 2669 2655 2754 aequales

407 2786 879 2853 adolescentes
944 2806 1381 2874 summopere
1438 2788 1766 2853 delectari
1823 2788 2022 2866 dicit,
2080 2806 2236 2852 cum
2294 2785 2655 2851 sententiae

402 2903 809 2987 numerique
837 2904 1323 2989 perfectionem
1350 2905 1695 2989 quandam
1722 2921 1806 2968 ea
1838 2905 2105 2984 afferat,
2142 2902 2522 2986 legentium
2547 2900 2655 2966 vel

404 3015 830 3081 audientium
874 3016 1157 3082 auribus
1200 3015 1710 3100 gratissimam3
1771 3001 2093 3099 quattuor
2145 3013 2216 3078 in
2267 3013 2399 3078 hac
2455 3012 2657 3102 primi

409 3147 650 3196 versus
685 3131 1210 3212 intersecantur,
1247 3134 1390 3195 tum
1429 3130 1637 3196 etiam
1668 3133 1991 3213 quattuor
2028 3128 2275 3209 ultimi,
2315 3147 2397 3194 eo
2428 3130 2659 3193 autem

409 3249 644 3329 pact0,
700 3248 774 3311 ut
825 3249 1109 3330 quartus
1162 3249 1229 3310 et
1271 3245 1548 3329 quintus
1596 3262 1838 3310 versus
1886 3243 2067 3308 inter
2116 3261 2190 3308 se
2246 3245 2653 3325 congruant.

409 3357 691 3423 Nullum
731 3362 963 3424 tamen
1011 3358 1189 3424 inter
1231 3359 1536 3443 ejusdem
1583 3357 1809 3423 aetatis
1853 3358 2091 3440 poetas
2140 3353 2661 3439 epigrammatis

411 3488 633 3552 genus
667 3470 884 3557 pluris
915 3470 1321 3551 aestimatur,
1354 3489 1560 3555 quam
1602 3470 1841 3535 decem
1876 3485 2226 3533 versuum.
2268 3466 2557 3532 Vatibus
2592 3465 2661 3529 id

417 3582 733 3671 praecipit
782 3582 1129 3664 SibiletuS,
1176 3586 1251 3648 ut
1291 3584 1425 3649 duo
1470 3583 1690 3649 ultimi
1742 3601 1986 3648 versus
2017 3599 2222 3666 quam
2266 3579 2663 3646 acutissime

349 3770 354 3773 ,
412 3713 689 3761 carmen
716 3696 1164 3784 concludant;
1205 3715 1365 3762 nam
1395 3698 1465 3762 in
1492 3697 1625 3779 his,
1652 3700 1724 3763 ut
1753 3705 1939 3762 recte
1970 3700 2091 3778 ai't,
2126 3695 2416 3762 vertitur
2442 3693 2666 3759 omnis

416 3809 740 3898 poematii
775 3810 951 3877 lauS.

476 3924 889 3990 Secundum
928 3924 1328 4009 posterioris
1382 3923 1539 3989 libri
1594 3927 1800 4008 caput
1859 3923 1946 3988 ad
1998 3921 2338 3989 Sonettum
2395 3919 2662 3999 attinet,

414 4039 595 4124 quod
649 4038 969 4104 Mellinus
1025 4039 1501 4123 Sangelasius,
1561 4037 1808 4104 Maroti
1865 4036 2278 4121 discipuluS,
2331 4036 2418 4100 ab
2477 4032 2666 4098 Italis

416 4155 765 4220 mutuatus
813 4156 983 4219 erat.
1042 4154 1187 4220 Hoc
1234 4153 1556 4219 Sibiletus
1606 4153 1828 4241 primo
1883 4151 2170 4216 definits
2200 4144 2470 4215 Sonetti
2521 4145 2667 4231 epi-

415 4269 982 4354 grammatisque,
1020 4272 1094 4335 ut
1136 4268 1480 4357 opinatur,
1532 4267 1823 4333 materia
1856 4266 2099 4332 eadem
2134 4267 2261 4345 est,
2313 4262 2445 4327 nisi
2482 4260 2663 4346 quod

405 4382 604 4467 jocos
638 4386 706 4448 et
737 4382 927 4449 lusus
962 4382 1209 4449 sonetti
1244 4383 1553 4466 gravitas
1583 4382 1910 4448 excludit.
1951 4380 2234 4447 Nullum
2264 4378 2479 4444 alium
2514 4395 2672 4441 ver-

416 4512 569 4561 sum
621 4513 827 4579 quam
887 4495 1125 4561 decem
1195 4495 1617 4580 syllabarum
1672 4494 1742 4560 in
1798 4494 2059 4561 sonetto
2128 4493 2311 4559 Artis
2375 4490 2666 4580 poeticae

471 4744 535 4797 (l)
561 4743 667 4789 Lib.
688 4744 747 4798 ΙΙ,
770 4756 878 4802 cap.
902 4744 940 4789 1.
