3561 5729
1866 618 2186 678 -64-

890 772 1123 835 tarum
1188 783 1387 833 vena.
1461 765 1632 832 Cum
1690 764 2061 849 tragoediae
2120 764 2317 848 leges
2386 763 2611 845 docet,
2666 782 2821 830 eam
2890 765 2963 831 in
3034 785 3158 833 sex

895 887 1150 971 parteS‚
1219 900 1443 966 neque
1503 881 1736 967 plures
1794 899 2018 965 neque
2071 879 2460 964 paucioreS‚
2531 880 2917 964 distribuit3
2980 881 3157 966 epici

895 994 1221 1062 carminis
1251 995 1391 1060 vim
1421 1011 1753 1079 expressa
1782 992 2182 1059 definitione
2221 992 2607 1076 restringit,
2629 992 2921 1058 formam
2953 994 3160 1060 certis

898 1108 1425 1177 condicionibus
1507 1107 2174 1191 necessitatibusque
2263 1106 2537 1188 subicit,
2637 1107 3161 1196 amplitudinem

894 1240 1061 1289 vero
1096 1221 1411 1306 angustis
1437 1221 1692 1287 finibus
1726 1221 2073 1287 terminat.
2119 1221 2244 1285 Hae
2284 1220 2748 1287 inexorabiles
2789 1221 3157 1305 surdaeque

892 1340 1089 1423 leges
1136 1341 1525 1424 temporum
1562 1337 1930 1425 imperitiae
1977 1336 2150 1403 mire
2210 1337 2749 1422 opitulabantur,
2789 1338 2860 1403 in
2909 1338 3159 1422 quibus

893 1453 1073 1520 Galli
1121 1456 1370 1538 poetae,
1422 1453 1765 1536 majorum
1809 1450 2178 1537 disciplina
2234 1451 2540 1518 funditus
2596 1452 2985 1537 repudiata,
3037 1453 3161 1519 do-

894 1569 1252 1636 mesticam
1310 1567 1574 1653 poesim
1625 1568 1712 1632 ab
1770 1566 2044 1651 integro
2114 1566 2442 1637 incohare
2504 1570 2975 1652 susceperant.
3036 1569 3161 1634 Tot

896 1682 1219 1769 perfectis
1258 1682 1686 1765 antiquitatis
1726 1682 2078 1770 operibus,
2125 1685 2227 1749 tot
2255 1681 2470 1748 variis
2515 1682 2890 1765 generibus
2938 1685 3166 1770 stupe-

895 1796 1084 1877 facti,
1135 1798 1205 1862 in
1260 1797 1568 1863 omnium
1617 1815 1849 1862 rerum
1898 1795 2267 1863 tumultum
2318 1800 2503 1862 certe
2555 1796 2985 1878 incidissent,
3025 1796 3154 1864 nisi

892 1910 1136 1975 ducem
1174 1926 1253 1974 ac
1289 1908 1699 1991 magistrum
1734 1907 2184 1988 invenissent,
2213 1906 2330 1991 qui
2372 1907 2671 1974 incertos
2701 1911 2770 1973 et
2798 1908 3160 1995 perturba-

888 2026 996 2089 tos
1031 2041 1272 2087 eorum
1307 2022 1579 2087 animos
1612 2021 1798 2086 omni
1831 2020 2272 2087 fluctuatione
2308 2021 2594 2087 levaret.
2635 2021 2789 2087 Non
2821 2020 3031 2086 aliam
3068 2021 3157 2086 ob

888 2154 1170 2203 causam
1207 2135 1276 2200 in
1310 2134 1701 2200 Aristotelis
1735 2135 1951 2200 verba
1968 2136 2208 2218 jurare
2244 2136 2642 2221 coeperunt3
2701 2151 2976 2216 graecus
3007 2132 3158 2217 phi-

886 2248 1221 2332 losophus
1250 2247 1337 2312 iis
1371 2245 1566 2331 quasi
1604 2246 1817 2312 totius
1863 2245 2292 2329 antiquitatis
2328 2246 2684 2311 oraculum
2737 2245 2865 2311 suit
2904 2260 2918 2311 ε
2966 2246 3158 2311 Aris-

887 2363 1169 2431 totelica
1200 2379 1445 2428 norma
1487 2360 1818 2445 quidquid
1867 2379 2284 2446 componere
2322 2362 2703 2442 tentabant,
2740 2360 2968 2425 metiri
2995 2362 3144 2444 jam

890 2479 1345 2543 assueverunt
1382 2474 1491 2561 (1).

980 2588 1396 2677 V0alkelinus
1430 2587 1604 2672 ipse,
1628 2586 1946 2670 quamvis
1979 2587 2370 2653 Aristotelis
2402 2587 2733 2653 formulas
2781 2586 3153 2671 aliquando

891 2705 1157 2777 caveat,
1213 2702 1363 2785 ejus
1415 2700 1806 2766 auctoritati
1857 2700 2115 2785 saepius
2166 2720 2241 2767 se
2303 2701 2688 2784 regendum
2738 2702 3152 2769 commodat.

892 2815 1067 2892 Quid
1117 2816 1205 2882 ab
1263 2814 1383 2881 illo
1433 2814 1910 2903 assumpserit,
1963 2814 2214 2882 dehinc
2258 2831 2688 2900 quaeremus:
2729 2833 2813 2882 ea
2859 2816 3158 2902 primum

891 2929 1092 2997 nobis
1126 2929 1558 2996 recensenda
1595 2928 1853 3016 passim
1881 2932 2064 3011 sunt,
2094 2947 2250 3014 quae
2272 2930 2550 3014 singula
2580 2930 2869 3018 poeticae
2897 2917 3159 3014 genera

894 3042 1344 3126 contingunt3
1403 3040 1653 3107 deinde
1705 3059 1874 3106 vero
1927 3041 2012 3107 de
2070 3042 2358 3108 summis
2411 3043 2721 3126 ejusdem
2773 3042 3155 3128 principiis,

893 3155 1170 3241 qualem
1226 3155 1313 3220 ad
1366 3155 1582 3239 graeci
1630 3154 2024 3240 philosophi
2077 3155 2435 3242 exemplar
2487 3155 2898 3223 Valkelinus
2949 3156 3160 3222 insor-

895 3271 1062 3350 mat,
1101 3286 1327 3354 pauca
1350 3268 1796 3335 disseremus

982 3384 1375 3451 Aristotelis
1408 3386 1541 3450 Ars
1571 3384 1844 3468 poetica
1876 3383 1961 3449 de
2006 3384 2350 3450 comoedia
2398 3384 2467 3450 in
2508 3383 2804 3451 transitu
2851 3386 2921 3450 et
2962 3384 3160 3450 stric-

902 3497 1026 3564 tim
1061 3497 1335 3582 quaerit,
1391 3500 1696 3580 totaque,
1745 3500 1818 3562 ut
1844 3498 1994 3580 jam
2029 3501 2234 3563 antea
2268 3497 2527 3562 dictum
2563 3501 2690 3576 est,
2713 3497 2783 3561 in
2813 3496 3160 3580 tragoedia

901 3613 971 3676 et
1019 3609 1089 3674 in
1153 3609 1349 3694 epico
1390 3609 1695 3674 carmine
1728 3611 2068 3675 versatur.
2105 3609 2483 3675 Comoediae
2519 3614 2752 3674 tamen
2798 3608 3161 3674 aristoteli-

901 3741 1054 3790 cam
1091 3722 1561 3788 definitionem
1591 3740 1730 3787 non
1758 3722 2123 3788 committit
2159 3722 2571 3789 Valkelinus
2612 3725 2686 3788 ut
2714 3723 3005 3789 omittat.

989 3865 1085 3929 La
1114 3860 1424 3928 comedie
1455 3864 1559 3930 est
1588 3863 1766 3929 donc
1796 3882 1930 3929 une
1969 3863 2514 3930 contrefaisance

988 3977 1161 4042 D'un
1190 3975 1315 4041 fait
1348 3975 1554 4058 qu'on
1583 3975 1755 4041 tient
1789 3975 2146 4041 meschant
2180 3994 2306 4065 par
2340 3976 2407 4041 la
2441 3994 2806 4042 commune
2842 3993 3121 4053 usance,

986 4093 1163 4160 Mais
1187 4111 1324 4158 non
1356 4110 1479 4178 pas
1513 4092 1571 4159 si
1597 4092 1956 4158 meschant
1988 4090 2146 4177 qu’a
2181 4112 2260 4159 sa
2288 4091 2771 4159 meschancete

988 4207 1095 4272 Un
1129 4205 1408 4272 remede
1443 4224 1530 4271 ne
1564 4205 1796 4291 puisse
1828 4208 2008 4271 estre
2054 4204 2213 4272 bien
2242 4204 2483 4290 aporte
2517 4223 2533 4275 ε

987 4321 1269 4388 Comme
1300 4321 1528 4404 quand
1564 4340 1657 4387 un
1687 4339 1946 4405 garson
1977 4339 2110 4387 une
2147 4320 2286 4387 fille
2321 4339 2364 4386 a
2392 4320 2585 4387 ravie

987 4433 1091 4499 On
1133 4436 1296 4518 peut
1328 4452 1412 4499 en
1449 4433 1870 4519 l'espousant
1893 4434 2013 4518 luy
2040 4434 2359 4500 racheter
2382 4433 2450 4500 la
2490 4434 2602 4502 vie
2635 4432 2752 4521 (2).

952 4615 1018 4672 (1)
1040 4616 1100 4662 V.
1122 4617 1297 4671 Effger.
1324 4618 1654 4660 effluentem
1670 4629 1728 4660 en
1748 4619 1946 4671 Franco,
1974 4617 2044 4663 13·
2063 4619 2228 4672 lecon.

953 4683 1017 4737 (2)
1045 4681 1190 4728 vaih.
1210 4684 1307 4726 An
1322 4688 1471 4737 poet„
1487 4682 1570 4727 111.
1588 4705 1642 4715 —
1658 4683 1812 4728 Arist.
1831 4684 1944 4738 Are,
1964 4683 2029 4728 V.
