<?xml version="1.0" encoding="UTF-8"?>
<!DOCTYPE html PUBLIC "-//W3C//DTD XHTML 1.0 Transitional//EN"
    "http://www.w3.org/TR/xhtml1/DTD/xhtml1-transitional.dtd">
<html xmlns="http://www.w3.org/1999/xhtml" xml:lang="en" lang="en">
 <head>
  <title>
</title>
<meta http-equiv="Content-Type" content="text/html;charset=utf-8" />
  <meta name='ocr-system' content='tesseract 3.04.00' />
  <meta name='ocr-capabilities' content='ocr_page ocr_carea ocr_par ocr_line ocrx_word'/>
</head>
<body>
  <div class='ocr_page' id='page_1' title='image "./desextidecimisa00pellgoog_0061.png"; bbox 0 0 3561 5729; ppageno 0'>
   <div class='ocr_carea' id='block_1_1' title="bbox 1396 648 1716 709">
    <p class='ocr_par' dir='ltr' id='par_1_1' title="bbox 1396 648 1716 709">
     <span class='ocr_line' id='line_1_1' title="bbox 1396 648 1716 709; baseline 0 -15"><span class='ocrx_word' id='word_1_1' title='bbox 1396 648 1716 709; x_wconf 79' lang='lat'>..57-</span> 
     </span>
    </p>
   </div>
   <div class='ocr_carea' id='block_1_2' title="bbox 597 793 2502 1341">
    <p class='ocr_par' dir='ltr' id='par_1_2' title="bbox 597 793 2502 1341">
     <span class='ocr_line' id='line_1_2' title="bbox 673 793 2430 880; baseline 0.001 -21"><span class='ocrx_word' id='word_1_2' title='bbox 673 843 690 859; x_wconf 91' lang='lat'><strong>.</strong></span> <span class='ocrx_word' id='word_1_3' title='bbox 792 793 936 859; x_wconf 91' lang='lat' dir='ltr'><strong>Nos</strong></span> <span class='ocrx_word' id='word_1_4' title='bbox 964 794 1284 876; x_wconf 73' lang='lat' dir='ltr'><strong>scavants</strong></span> <span class='ocrx_word' id='word_1_5' title='bbox 1317 793 1618 877; x_wconf 76' lang='lat' dir='ltr'><strong>majeurs</strong></span> <span class='ocrx_word' id='word_1_6' title='bbox 1650 810 1826 859; x_wconf 92' lang='lat' dir='ltr'><strong>nous</strong></span> <span class='ocrx_word' id='word_1_7' title='bbox 1861 796 1981 860; x_wconf 87' lang='lat' dir='ltr'><strong>ont</strong></span> <span class='ocrx_word' id='word_1_8' title='bbox 2013 794 2209 880; x_wconf 91' lang='lat' dir='ltr'><strong>desja</strong></span> <span class='ocrx_word' id='word_1_9' title='bbox 2241 793 2430 861; x_wconf 79' lang='lat' dir='ltr'><strong>trace</strong></span> 
     </span>
     <span class='ocr_line' id='line_1_3' title="bbox 601 909 2500 977; baseline 0.001 -1"><span class='ocrx_word' id='word_1_10' title='bbox 601 910 707 976; x_wconf 92' lang='lat' dir='ltr'><strong>Un</strong></span> <span class='ocrx_word' id='word_1_11' title='bbox 740 909 1002 975; x_wconf 90' lang='lat' dir='ltr'><strong>sentier</strong></span> <span class='ocrx_word' id='word_1_12' title='bbox 1064 958 2500 977; x_wconf 90' lang='grc'><strong>.............</strong></span> 
     </span>
     <span class='ocr_line' id='line_1_4' title="bbox 597 1022 2424 1109; baseline 0 -18"><span class='ocrx_word' id='word_1_13' title='bbox 597 1026 784 1091; x_wconf 90' lang='lat' dir='ltr'><strong>Pour</strong></span> <span class='ocrx_word' id='word_1_14' title='bbox 809 1043 887 1090; x_wconf 91' lang='lat' dir='ltr'><strong>ce</strong></span> <span class='ocrx_word' id='word_1_15' title='bbox 921 1023 1287 1090; x_wconf 89' lang='lat' dir='ltr'><strong>ensuivant</strong></span> <span class='ocrx_word' id='word_1_16' title='bbox 1309 1022 1412 1090; x_wconf 93' lang='lat' dir='ltr'><strong>les</strong></span> <span class='ocrx_word' id='word_1_17' title='bbox 1446 1041 1570 1109; x_wconf 89' lang='lat' dir='ltr'><strong>pas</strong></span> <span class='ocrx_word' id='word_1_18' title='bbox 1600 1023 1690 1090; x_wconf 92' lang='lat' dir='ltr'><strong>du</strong></span> <span class='ocrx_word' id='word_1_19' title='bbox 1722 1022 1833 1090; x_wconf 92' lang='lat' dir='ltr'><strong>fils</strong></span> <span class='ocrx_word' id='word_1_20' title='bbox 1858 1023 1943 1090; x_wconf 93' lang='lat' dir='ltr'><strong>de</strong></span> <span class='ocrx_word' id='word_1_21' title='bbox 1975 1024 2424 1107; x_wconf 85' lang='lat' dir='ltr'><strong>Nicomacho,</strong></span> 
     </span>
     <span class='ocr_line' id='line_1_5' title="bbox 599 1136 2420 1226; baseline 0.001 -23"><span class='ocrx_word' id='word_1_22' title='bbox 599 1139 700 1204; x_wconf 92' lang='lat' dir='ltr'><strong>Du</strong></span> <span class='ocrx_word' id='word_1_23' title='bbox 735 1137 1040 1226; x_wconf 89' lang='lat' dir='ltr'><strong>harpeur</strong></span> <span class='ocrx_word' id='word_1_24' title='bbox 1067 1136 1153 1203; x_wconf 92' lang='lat' dir='ltr'><strong>de</strong></span> <span class='ocrx_word' id='word_1_25' title='bbox 1185 1136 1500 1219; x_wconf 85' lang='lat' dir='ltr'><strong>Calabro,</strong></span> <span class='ocrx_word' id='word_1_26' title='bbox 1538 1138 1606 1203; x_wconf 92' lang='lat' dir='ltr'><strong>et</strong></span> <span class='ocrx_word' id='word_1_27' title='bbox 1632 1139 1783 1203; x_wconf 92' lang='lat' dir='ltr'><strong>tout</strong></span> <span class='ocrx_word' id='word_1_28' title='bbox 1815 1156 1894 1203; x_wconf 92' lang='lat' dir='ltr'><strong>ce</strong></span> <span class='ocrx_word' id='word_1_29' title='bbox 1924 1155 2057 1222; x_wconf 92' lang='lat' dir='ltr'><strong>que</strong></span> <span class='ocrx_word' id='word_1_30' title='bbox 2092 1138 2420 1205; x_wconf 89' lang='lat' dir='ltr'><strong>remache</strong></span> 
     </span>
     <span class='ocr_line' id='line_1_6' title="bbox 600 1250 2502 1341; baseline 0 -22"><span class='ocrx_word' id='word_1_31' title='bbox 600 1252 776 1319; x_wconf 85' lang='lat' dir='ltr'>Vide</span> <span class='ocrx_word' id='word_1_32' title='bbox 806 1255 876 1319; x_wconf 90' lang='lat' dir='ltr'><strong>et</strong></span> <span class='ocrx_word' id='word_1_33' title='bbox 907 1252 1252 1318; x_wconf 89' lang='lat' dir='ltr'><strong>Minturne</strong></span> <span class='ocrx_word' id='word_1_34' title='bbox 1286 1269 1515 1340; x_wconf 88' lang='lat' dir='ltr'><strong>apres,</strong></span> <span class='ocrx_word' id='word_1_35' title='bbox 1535 1251 1684 1336; x_wconf 77' lang='lat' dir='ltr'><strong>J&#39;ay</strong></span> <span class='ocrx_word' id='word_1_36' title='bbox 1711 1253 1858 1317; x_wconf 83' lang='lat' dir='ltr'><strong>cest</strong></span> <span class='ocrx_word' id='word_1_37' title='bbox 1891 1270 2132 1318; x_wconf 88' lang='lat' dir='ltr'><strong>oeuvre</strong></span> <span class='ocrx_word' id='word_1_38' title='bbox 2156 1250 2502 1341; x_wconf 69' lang='lat' dir='ltr'><strong>appresto.</strong></span> 
     </span>
    </p>
   </div>
   <div class='ocr_carea' id='block_1_3' title="bbox 419 1474 2683 1790">
    <p class='ocr_par' dir='ltr' id='par_1_3' title="bbox 419 1474 2683 1790">
     <span class='ocr_line' id='line_1_7' title="bbox 419 1474 2682 1562; baseline 0.001 -19"><span class='ocrx_word' id='word_1_39' title='bbox 419 1476 604 1543; x_wconf 86' lang='lat' dir='ltr'><strong>Vida</strong></span> <span class='ocrx_word' id='word_1_40' title='bbox 634 1475 1186 1559; x_wconf 76' lang='lat' dir='ltr'><strong>Minturnasque,</strong></span> <span class='ocrx_word' id='word_1_41' title='bbox 1231 1477 1307 1541; x_wconf 93' lang='lat' dir='ltr'><strong>ut</strong></span> <span class='ocrx_word' id='word_1_42' title='bbox 1336 1477 1458 1551; x_wconf 73' lang='lat' dir='ltr'><strong>ait,</strong></span> <span class='ocrx_word' id='word_1_43' title='bbox 1509 1474 1683 1540; x_wconf 89' lang='lat' dir='ltr'><strong>nihil</strong></span> <span class='ocrx_word' id='word_1_44' title='bbox 1731 1493 2036 1560; x_wconf 90' lang='lat' dir='ltr'><strong>unquam</strong></span> <span class='ocrx_word' id='word_1_45' title='bbox 2066 1475 2281 1558; x_wconf 87' lang='lat' dir='ltr'><strong>aliud,</strong></span> <span class='ocrx_word' id='word_1_46' title='bbox 2320 1495 2527 1562; x_wconf 90' lang='lat' dir='ltr'><strong>quam</strong></span> <span class='ocrx_word' id='word_1_47' title='bbox 2561 1497 2682 1545; x_wconf 90' lang='lat' dir='ltr'><strong>ve-</strong></span> 
     </span>
     <span class='ocr_line' id='line_1_8' title="bbox 420 1587 2683 1675; baseline 0 -18"><span class='ocrx_word' id='word_1_48' title='bbox 420 1595 647 1657; x_wconf 91' lang='lat' dir='ltr'><strong>terum</strong></span> <span class='ocrx_word' id='word_1_49' title='bbox 689 1594 1038 1675; x_wconf 81' lang='lat' dir='ltr'><strong>praecepta</strong></span> <span class='ocrx_word' id='word_1_50' title='bbox 1081 1591 1439 1654; x_wconf 89' lang='lat' dir='ltr'><strong>recantant</strong></span> <span class='ocrx_word' id='word_1_51' title='bbox 1491 1604 1505 1654; x_wconf 90' lang='lat'><strong>:</strong></span> <span class='ocrx_word' id='word_1_52' title='bbox 1563 1587 2008 1655; x_wconf 79' lang='lat' dir='ltr'><strong>Aristotelem</strong></span> <span class='ocrx_word' id='word_1_53' title='bbox 2041 1593 2111 1655; x_wconf 90' lang='lat' dir='ltr'><strong>et</strong></span> <span class='ocrx_word' id='word_1_54' title='bbox 2164 1590 2485 1657; x_wconf 83' lang='lat' dir='ltr'>Flaccum</span> <span class='ocrx_word' id='word_1_55' title='bbox 2518 1608 2683 1658; x_wconf 88' lang='lat' dir='ltr'><strong>vere</strong></span> 
     </span>
     <span class='ocr_line' id='line_1_9' title="bbox 424 1702 1647 1790; baseline -0.002 -21"><span class='ocrx_word' id='word_1_56' title='bbox 424 1722 550 1790; x_wconf 91' lang='lat' dir='ltr'><strong>pro</strong></span> <span class='ocrx_word' id='word_1_57' title='bbox 600 1703 892 1769; x_wconf 90' lang='lat' dir='ltr'><strong>ducibus</strong></span> <span class='ocrx_word' id='word_1_58' title='bbox 920 1721 1003 1768; x_wconf 89' lang='lat' dir='ltr'><strong>ac</strong></span> <span class='ocrx_word' id='word_1_59' title='bbox 1035 1702 1392 1786; x_wconf 82' lang='lat' dir='ltr'><strong>magistris</strong></span> <span class='ocrx_word' id='word_1_60' title='bbox 1417 1703 1647 1768; x_wconf 88' lang='lat' dir='ltr'><strong>habet.</strong></span> 
     </span>
    </p>
   </div>
   <div class='ocr_carea' id='block_1_4' title="bbox 414 1827 2689 2031">
    <p class='ocr_par' dir='ltr' id='par_1_4' title="bbox 414 1827 2689 2031">
     <span class='ocr_line' id='line_1_10' title="bbox 516 1827 2689 1913; baseline 0.001 -18"><span class='ocrx_word' id='word_1_61' title='bbox 516 1831 755 1913; x_wconf 80' lang='lat' dir='ltr'><strong>Itaque</strong></span> <span class='ocrx_word' id='word_1_62' title='bbox 803 1828 875 1894; x_wconf 92' lang='lat' dir='ltr'><strong>in</strong></span> <span class='ocrx_word' id='word_1_63' title='bbox 925 1827 1257 1893; x_wconf 91' lang='lat' dir='ltr'><strong>Minturni</strong></span> <span class='ocrx_word' id='word_1_64' title='bbox 1315 1828 1506 1908; x_wconf 88' lang='lat' dir='ltr'><strong>Arte,</strong></span> <span class='ocrx_word' id='word_1_65' title='bbox 1557 1846 1714 1911; x_wconf 82' lang='lat' dir='ltr'><strong>quae</strong></span> <span class='ocrx_word' id='word_1_66' title='bbox 1765 1828 2045 1912; x_wconf 91' lang='lat' dir='ltr'><strong>quidem</strong></span> <span class='ocrx_word' id='word_1_67' title='bbox 2101 1832 2295 1897; x_wconf 88' lang='lat' dir='ltr'><strong>tanta</strong></span> <span class='ocrx_word' id='word_1_68' title='bbox 2340 1829 2689 1897; x_wconf 84' lang='lat' dir='ltr'><strong>oblivione</strong></span> 
     </span>
     <span class='ocr_line' id='line_1_11' title="bbox 414 1942 2689 2031; baseline 0.001 -21"><span class='ocrx_word' id='word_1_69' title='bbox 414 1944 828 2031; x_wconf 89' lang='lat' dir='ltr'><strong>jamdudum</strong></span> <span class='ocrx_word' id='word_1_70' title='bbox 875 1942 1146 2027; x_wconf 90' lang='lat' dir='ltr'><strong>sepulta</strong></span> <span class='ocrx_word' id='word_1_71' title='bbox 1196 1944 1325 2023; x_wconf 88' lang='lat' dir='ltr'><strong>est,</strong></span> <span class='ocrx_word' id='word_1_72' title='bbox 1371 1960 1509 2007; x_wconf 90' lang='lat' dir='ltr'><strong>non</strong></span> <span class='ocrx_word' id='word_1_73' title='bbox 1547 1942 1947 2009; x_wconf 84' lang='lat' dir='ltr'><strong>insistamus</strong></span> <span class='ocrx_word' id='word_1_74' title='bbox 1979 1963 2265 2011; x_wconf 88' lang='lat' dir='ltr'><strong>necesse</strong></span> <span class='ocrx_word' id='word_1_75' title='bbox 2314 1948 2440 2012; x_wconf 89' lang='lat' dir='ltr'><strong>est.</strong></span> <span class='ocrx_word' id='word_1_76' title='bbox 2495 1946 2689 2021; x_wconf 87' lang='lat' dir='ltr'><strong>Quod</strong></span> 
     </span>
    </p>
   </div>
   <div class='ocr_carea' id='block_1_5' title="bbox 421 2056 2691 2251">
    <p class='ocr_par' dir='ltr' id='par_1_5' title="bbox 421 2056 2691 2251">
     <span class='ocr_line' id='line_1_12' title="bbox 423 2056 2691 2144; baseline 0 -20"><span class='ocrx_word' id='word_1_77' title='bbox 423 2058 512 2124; x_wconf 87' lang='lat' dir='ltr'><strong>ad</strong></span> <span class='ocrx_word' id='word_1_78' title='bbox 548 2057 798 2122; x_wconf 90' lang='lat' dir='ltr'><strong>Vidam</strong></span> <span class='ocrx_word' id='word_1_79' title='bbox 841 2056 1108 2137; x_wconf 83' lang='lat' dir='ltr'><strong>attinet,</strong></span> <span class='ocrx_word' id='word_1_80' title='bbox 1164 2057 1609 2140; x_wconf 77' lang='lat' dir='ltr'><strong>cujus·opUS‚</strong></span> <span class='ocrx_word' id='word_1_81' title='bbox 1658 2056 2011 2123; x_wconf 87' lang='lat' dir='ltr'><strong>Valkelini</strong></span> <span class='ocrx_word' id='word_1_82' title='bbox 2068 2060 2401 2144; x_wconf 90' lang='lat' dir='ltr'><strong>tempore,</strong></span> <span class='ocrx_word' id='word_1_83' title='bbox 2458 2059 2691 2126; x_wconf 91' lang='lat' dir='ltr'><strong>multis</strong></span> 
     </span>
     <span class='ocr_line' id='line_1_13' title="bbox 421 2166 2227 2251; baseline -0.001 -15"><span class='ocrx_word' id='word_1_84' title='bbox 421 2169 747 2236; x_wconf 86' lang='lat' dir='ltr'><strong>laudibus</strong></span> <span class='ocrx_word' id='word_1_85' title='bbox 777 2168 1087 2248; x_wconf 86' lang='lat' dir='ltr'><strong>florebat,</strong></span> <span class='ocrx_word' id='word_1_86' title='bbox 1125 2185 1347 2251; x_wconf 89' lang='lat' dir='ltr'><strong>pauca</strong></span> <span class='ocrx_word' id='word_1_87' title='bbox 1376 2166 1461 2241; x_wconf 89' lang='lat' dir='ltr'><strong>de</strong></span> <span class='ocrx_word' id='word_1_88' title='bbox 1493 2184 1576 2232; x_wconf 93' lang='lat' dir='ltr'><strong>eo</strong></span> <span class='ocrx_word' id='word_1_89' title='bbox 1606 2170 1766 2232; x_wconf 92' lang='lat' dir='ltr'><strong>sunt</strong></span> <span class='ocrx_word' id='word_1_90' title='bbox 1802 2168 2227 2235; x_wconf 90' lang='lat' dir='ltr'><strong>disserenda.</strong></span> 
     </span>
    </p>
   </div>
   <div class='ocr_carea' id='block_1_6' title="bbox 357 2294 2696 3294">
    <p class='ocr_par' dir='ltr' id='par_1_6' title="bbox 357 2294 2696 3294">
     <span class='ocr_line' id='line_1_14' title="bbox 513 2294 2695 2379; baseline 0 -18"><span class='ocrx_word' id='word_1_91' title='bbox 513 2297 714 2362; x_wconf 85' lang='lat' dir='ltr'><strong>Vidae</strong></span> <span class='ocrx_word' id='word_1_92' title='bbox 771 2297 903 2361; x_wconf 90' lang='lat' dir='ltr'><strong>Ars</strong></span> <span class='ocrx_word' id='word_1_93' title='bbox 955 2294 1250 2379; x_wconf 84' lang='lat' dir='ltr'><strong>poetica,</strong></span> <span class='ocrx_word' id='word_1_94' title='bbox 1301 2297 1441 2360; x_wconf 89' lang='lat' dir='ltr'><strong>tres</strong></span> <span class='ocrx_word' id='word_1_95' title='bbox 1498 2294 1569 2359; x_wconf 93' lang='lat' dir='ltr'><strong>in</strong></span> <span class='ocrx_word' id='word_1_96' title='bbox 1620 2294 1837 2361; x_wconf 89' lang='lat' dir='ltr'><strong>libros</strong></span> <span class='ocrx_word' id='word_1_97' title='bbox 1894 2295 2141 2375; x_wconf 83' lang='lat' dir='ltr'><strong>divisa,</strong></span> <span class='ocrx_word' id='word_1_98' title='bbox 2204 2296 2438 2362; x_wconf 90' lang='lat' dir='ltr'><strong>multis</strong></span> <span class='ocrx_word' id='word_1_99' title='bbox 2490 2297 2695 2363; x_wconf 92' lang='lat' dir='ltr'><strong>annis</strong></span> 
     </span>
     <span class='ocr_line' id='line_1_15' title="bbox 423 2408 2689 2496; baseline -0 -20"><span class='ocrx_word' id='word_1_100' title='bbox 423 2412 617 2496; x_wconf 89' lang='lat' dir='ltr'><strong>prius</strong></span> <span class='ocrx_word' id='word_1_101' title='bbox 653 2409 838 2475; x_wconf 88' lang='lat' dir='ltr'><strong>edita</strong></span> <span class='ocrx_word' id='word_1_102' title='bbox 894 2409 1119 2475; x_wconf 87' lang='lat' dir='ltr'><strong>suerat</strong></span> <span class='ocrx_word' id='word_1_103' title='bbox 1166 2426 1375 2491; x_wconf 86' lang='lat' dir='ltr'><strong>quam</strong></span> <span class='ocrx_word' id='word_1_104' title='bbox 1412 2408 1650 2475; x_wconf 86' lang='lat' dir='ltr'><strong>Gallus</strong></span> <span class='ocrx_word' id='word_1_105' title='bbox 1681 2411 1887 2496; x_wconf 91' lang='lat' dir='ltr'><strong>poeta</strong></span> <span class='ocrx_word' id='word_1_106' title='bbox 1938 2426 2131 2474; x_wconf 88' lang='lat' dir='ltr'><strong>suam</strong></span> <span class='ocrx_word' id='word_1_107' title='bbox 2178 2408 2689 2496; x_wconf 90' lang='lat' dir='ltr'><strong>incepisset(l).</strong></span> 
     </span>
     <span class='ocr_line' id='line_1_16' title="bbox 424 2523 2696 2609; baseline -0 -17"><span class='ocrx_word' id='word_1_108' title='bbox 424 2526 660 2592; x_wconf 85' lang='lat' dir='ltr'><strong>Primo</strong></span> <span class='ocrx_word' id='word_1_109' title='bbox 706 2525 777 2589; x_wconf 93' lang='lat' dir='ltr'><strong>in</strong></span> <span class='ocrx_word' id='word_1_110' title='bbox 823 2524 1000 2589; x_wconf 90' lang='lat' dir='ltr'><strong>libro</strong></span> <span class='ocrx_word' id='word_1_111' title='bbox 1036 2524 1369 2608; x_wconf 81' lang='lat' dir='ltr'><strong>quaeritur</strong></span> <span class='ocrx_word' id='word_1_112' title='bbox 1404 2523 1489 2589; x_wconf 90' lang='lat' dir='ltr'><strong>de</strong></span> <span class='ocrx_word' id='word_1_113' title='bbox 1534 2523 1955 2590; x_wconf 85' lang='lat' dir='ltr'><strong>instituendo</strong></span> <span class='ocrx_word' id='word_1_114' title='bbox 1990 2529 2172 2604; x_wconf 85' lang='lat' dir='ltr'><strong>vate,</strong></span> <span class='ocrx_word' id='word_1_115' title='bbox 2213 2525 2375 2609; x_wconf 91' lang='lat' dir='ltr'><strong>quid</strong></span> <span class='ocrx_word' id='word_1_116' title='bbox 2409 2526 2557 2607; x_wconf 89' lang='lat' dir='ltr'><strong>ejus</strong></span> <span class='ocrx_word' id='word_1_117' title='bbox 2579 2526 2696 2609; x_wconf 88' lang='lat' dir='ltr'><strong>ju-</strong></span> 
     </span>
     <span class='ocr_line' id='line_1_17' title="bbox 357 2638 2688 2724; baseline -0.001 -18"><span class='ocrx_word' id='word_1_118' title='bbox 357 2707 367 2719; x_wconf 73' lang='grc'>,</span> <span class='ocrx_word' id='word_1_119' title='bbox 426 2642 683 2706; x_wconf 86' lang='lat' dir='ltr'><strong>dicium</strong></span> <span class='ocrx_word' id='word_1_120' title='bbox 721 2657 1061 2723; x_wconf 90' lang='lat' dir='ltr'><strong>auresque</strong></span> <span class='ocrx_word' id='word_1_121' title='bbox 1106 2638 1453 2718; x_wconf 86' lang='lat' dir='ltr'><strong>informet,</strong></span> <span class='ocrx_word' id='word_1_122' title='bbox 1500 2638 1615 2722; x_wconf 83' lang='lat' dir='ltr'><strong>qni</strong></span> <span class='ocrx_word' id='word_1_123' title='bbox 1653 2639 2026 2724; x_wconf 84' lang='lat' dir='ltr'><strong>scriptores</strong></span> <span class='ocrx_word' id='word_1_124' title='bbox 2067 2639 2128 2721; x_wconf 86' lang='lat' dir='ltr'><strong>ei</strong></span> <span class='ocrx_word' id='word_1_125' title='bbox 2179 2640 2316 2705; x_wconf 91' lang='lat' dir='ltr'><strong>sint</strong></span> <span class='ocrx_word' id='word_1_126' title='bbox 2369 2639 2688 2724; x_wconf 84' lang='lat' dir='ltr'><strong>legendi;</strong></span> 
     </span>
     <span class='ocr_line' id='line_1_18' title="bbox 424 2753 2693 2841; baseline -0.001 -19"><span class='ocrx_word' id='word_1_127' title='bbox 424 2759 572 2822; x_wconf 88' lang='lat' dir='ltr'><strong>tum</strong></span> <span class='ocrx_word' id='word_1_128' title='bbox 616 2772 781 2820; x_wconf 87' lang='lat' dir='ltr'><strong>vero</strong></span> <span class='ocrx_word' id='word_1_129' title='bbox 830 2772 986 2838; x_wconf 81' lang='lat' dir='ltr'><strong>quae</strong></span> <span class='ocrx_word' id='word_1_130' title='bbox 1033 2754 1286 2819; x_wconf 87' lang='lat' dir='ltr'><strong>habeat</strong></span> <span class='ocrx_word' id='word_1_131' title='bbox 1332 2753 1562 2838; x_wconf 92' lang='lat' dir='ltr'><strong>poesis</strong></span> <span class='ocrx_word' id='word_1_132' title='bbox 1602 2753 1940 2841; x_wconf 89' lang='lat' dir='ltr'><strong>principia</strong></span> <span class='ocrx_word' id='word_1_133' title='bbox 1984 2763 2053 2819; x_wconf 90' lang='lat' dir='ltr'><strong>et</strong></span> <span class='ocrx_word' id='word_1_134' title='bbox 2085 2754 2334 2837; x_wconf 88' lang='lat' dir='ltr'><strong>quibus</strong></span> <span class='ocrx_word' id='word_1_135' title='bbox 2387 2753 2693 2820; x_wconf 88' lang='lat' dir='ltr'><strong>sontibus</strong></span> 
     </span>
     <span class='ocr_line' id='line_1_19' title="bbox 428 2866 2696 2952; baseline -0.001 -17"><span class='ocrx_word' id='word_1_136' title='bbox 428 2872 724 2936; x_wconf 86' lang='lat' dir='ltr'><strong>emanet.</strong></span> <span class='ocrx_word' id='word_1_137' title='bbox 777 2867 1131 2934; x_wconf 88' lang='lat' dir='ltr'><strong>Secundus</strong></span> <span class='ocrx_word' id='word_1_138' title='bbox 1171 2866 1257 2932; x_wconf 92' lang='lat' dir='ltr'><strong>de</strong></span> <span class='ocrx_word' id='word_1_139' title='bbox 1305 2866 1702 2932; x_wconf 83' lang='lat' dir='ltr'><strong>inventione</strong></span> <span class='ocrx_word' id='word_1_140' title='bbox 1737 2885 1818 2932; x_wconf 84' lang='lat' dir='ltr'><strong>ac</strong></span> <span class='ocrx_word' id='word_1_141' title='bbox 1866 2867 2315 2952; x_wconf 85' lang='lat' dir='ltr'><strong>dispositione</strong></span> <span class='ocrx_word' id='word_1_142' title='bbox 2363 2867 2436 2933; x_wconf 90' lang='lat' dir='ltr'><strong>in</strong></span> <span class='ocrx_word' id='word_1_143' title='bbox 2479 2866 2696 2952; x_wconf 91' lang='lat' dir='ltr'><strong>epicis</strong></span> 
     </span>
     <span class='ocr_line' id='line_1_20' title="bbox 428 2980 2691 3065; baseline -0.001 -17"><span class='ocrx_word' id='word_1_144' title='bbox 428 2982 852 3049; x_wconf 89' lang='lat' dir='ltr'><strong>carminibus</strong></span> <span class='ocrx_word' id='word_1_145' title='bbox 876 2980 1179 3060; x_wconf 93' lang='lat' dir='ltr'><strong>disserit,</strong></span> <span class='ocrx_word' id='word_1_146' title='bbox 1209 2998 1366 3064; x_wconf 87' lang='lat' dir='ltr'><strong>quae</strong></span> <span class='ocrx_word' id='word_1_147' title='bbox 1395 2998 1610 3065; x_wconf 84' lang='lat' dir='ltr'><strong>prope</strong></span> <span class='ocrx_word' id='word_1_148' title='bbox 1644 2981 1817 3061; x_wconf 88' lang='lat' dir='ltr'><strong>sola,</strong></span> <span class='ocrx_word' id='word_1_149' title='bbox 1838 2989 1913 3046; x_wconf 90' lang='lat' dir='ltr'><strong>ut</strong></span> <span class='ocrx_word' id='word_1_150' title='bbox 1939 2981 2357 3064; x_wconf 57' lang='lat' dir='ltr'><strong>tragoediam</strong></span> <span class='ocrx_word' id='word_1_151' title='bbox 2379 2981 2691 3062; x_wconf 79' lang='lat' dir='ltr'><strong>Flaccu8‚</strong></span> 
     </span>
     <span class='ocr_line' id='line_1_21' title="bbox 428 3092 2696 3178; baseline -0 -17"><span class='ocrx_word' id='word_1_152' title='bbox 428 3096 676 3162; x_wconf 90' lang='lat' dir='ltr'><strong>intueri</strong></span> <span class='ocrx_word' id='word_1_153' title='bbox 714 3114 795 3161; x_wconf 86' lang='lat' dir='ltr'><strong>ac</strong></span> <span class='ocrx_word' id='word_1_154' title='bbox 831 3112 1074 3161; x_wconf 89' lang='lat' dir='ltr'><strong>curare</strong></span> <span class='ocrx_word' id='word_1_155' title='bbox 1109 3093 1290 3158; x_wconf 89' lang='lat' dir='ltr'><strong>Vida</strong></span> <span class='ocrx_word' id='word_1_156' title='bbox 1324 3092 1617 3159; x_wconf 87' lang='lat' dir='ltr'><strong>videtur.</strong></span> <span class='ocrx_word' id='word_1_157' title='bbox 1658 3095 1927 3160; x_wconf 90' lang='lat' dir='ltr'><strong>Tertius</strong></span> <span class='ocrx_word' id='word_1_158' title='bbox 1960 3094 2046 3159; x_wconf 87' lang='lat' dir='ltr'><strong>ad</strong></span> <span class='ocrx_word' id='word_1_159' title='bbox 2086 3094 2427 3178; x_wconf 88' lang='lat' dir='ltr'><strong>poeticam</strong></span> <span class='ocrx_word' id='word_1_160' title='bbox 2464 3093 2696 3161; x_wconf 90' lang='lat' dir='ltr'><strong>elocu-</strong></span> 
     </span>
     <span class='ocr_line' id='line_1_22' title="bbox 428 3209 1222 3294; baseline -0.001 -20"><span class='ocrx_word' id='word_1_161' title='bbox 428 3210 688 3275; x_wconf 90' lang='lat' dir='ltr'><strong>tionem</strong></span> <span class='ocrx_word' id='word_1_162' title='bbox 725 3212 908 3274; x_wconf 88' lang='lat' dir='ltr'><strong>totus</strong></span> <span class='ocrx_word' id='word_1_163' title='bbox 937 3209 1222 3294; x_wconf 85' lang='lat' dir='ltr'><strong>spectat.</strong></span> 
     </span>
    </p>
   </div>
   <div class='ocr_carea' id='block_1_7' title="bbox 430 3333 2701 4215">
    <p class='ocr_par' dir='ltr' id='par_1_7' title="bbox 430 3333 2701 4215">
     <span class='ocr_line' id='line_1_23' title="bbox 522 3333 2689 3417; baseline -0.002 -17"><span class='ocrx_word' id='word_1_164' title='bbox 522 3334 951 3400; x_wconf 90' lang='lat' dir='ltr'><strong>Paucissima</strong></span> <span class='ocrx_word' id='word_1_165' title='bbox 980 3336 1139 3400; x_wconf 91' lang='lat' dir='ltr'><strong>sunt</strong></span> <span class='ocrx_word' id='word_1_166' title='bbox 1172 3351 1329 3417; x_wconf 79' lang='lat' dir='ltr'><strong>quae</strong></span> <span class='ocrx_word' id='word_1_167' title='bbox 1355 3333 1765 3399; x_wconf 86' lang='lat' dir='ltr'><strong>Valkelinus</strong></span> <span class='ocrx_word' id='word_1_168' title='bbox 1800 3334 1886 3398; x_wconf 89' lang='lat' dir='ltr'><strong>ab</strong></span> <span class='ocrx_word' id='word_1_169' title='bbox 1923 3333 2094 3399; x_wconf 89' lang='lat' dir='ltr'><strong>Italo</strong></span> <span class='ocrx_word' id='word_1_170' title='bbox 2131 3336 2286 3399; x_wconf 86' lang='lat' dir='ltr'><strong>vate</strong></span> <span class='ocrx_word' id='word_1_171' title='bbox 2314 3336 2689 3400; x_wconf 89' lang='lat' dir='ltr'><strong>mutuatur.</strong></span> 
     </span>
     <span class='ocr_line' id='line_1_24' title="bbox 431 3447 2694 3533; baseline -0.001 -18"><span class='ocrx_word' id='word_1_172' title='bbox 431 3450 644 3516; x_wconf 77' lang='lat' dir='ltr'><strong>Multa</strong></span> <span class='ocrx_word' id='word_1_173' title='bbox 680 3448 958 3533; x_wconf 84' lang='lat' dir='ltr'><strong>quidem</strong></span> <span class='ocrx_word' id='word_1_174' title='bbox 1000 3448 1074 3513; x_wconf 91' lang='lat' dir='ltr'><strong>in</strong></span> <span class='ocrx_word' id='word_1_175' title='bbox 1117 3455 1407 3531; x_wconf 86' lang='lat' dir='ltr'><strong>utroque</strong></span> <span class='ocrx_word' id='word_1_176' title='bbox 1455 3451 1771 3532; x_wconf 87' lang='lat' dir='ltr'><strong>poemate</strong></span> <span class='ocrx_word' id='word_1_177' title='bbox 1812 3447 2296 3530; x_wconf 80' lang='lat' dir='ltr'><strong>cognationem</strong></span> <span class='ocrx_word' id='word_1_178' title='bbox 2347 3448 2694 3532; x_wconf 87' lang='lat' dir='ltr'><strong>quandam</strong></span> 
     </span>
     <span class='ocr_line' id='line_1_25' title="bbox 432 3543 2695 3645; baseline -0.001 -18"><span class='ocrx_word' id='word_1_179' title='bbox 432 3564 775 3643; x_wconf 79' lang='lat' dir='ltr'><strong>reserunt3</strong></span> <span class='ocrx_word' id='word_1_180' title='bbox 839 3563 960 3627; x_wconf 86' lang='lat' dir='ltr'><strong>sed</strong></span> <span class='ocrx_word' id='word_1_181' title='bbox 1014 3543 1203 3626; x_wconf 81' lang='lat' dir='ltr'><strong>nulla</strong></span> <span class='ocrx_word' id='word_1_182' title='bbox 1247 3561 1652 3645; x_wconf 88' lang='lat' dir='ltr'><strong>plerumque</strong></span> <span class='ocrx_word' id='word_1_183' title='bbox 1699 3560 1841 3626; x_wconf 86' lang='lat' dir='ltr'><strong>alia</strong></span> <span class='ocrx_word' id='word_1_184' title='bbox 1896 3566 1998 3626; x_wconf 91' lang='lat' dir='ltr'><strong>est</strong></span> <span class='ocrx_word' id='word_1_185' title='bbox 2047 3580 2280 3632; x_wconf 73' lang='lat' dir='ltr'><strong>causa,</strong></span> <span class='ocrx_word' id='word_1_186' title='bbox 2335 3560 2467 3627; x_wconf 89' lang='lat' dir='ltr'><strong>nisi</strong></span> <span class='ocrx_word' id='word_1_187' title='bbox 2513 3560 2695 3644; x_wconf 89' lang='lat' dir='ltr'><strong>quod</strong></span> 
     </span>
     <span class='ocr_line' id='line_1_26' title="bbox 430 3673 2696 3761; baseline -0.001 -20"><span class='ocrx_word' id='word_1_188' title='bbox 430 3697 538 3741; x_wconf 72' lang='lat' dir='ltr'><strong>:un</strong></span> <span class='ocrx_word' id='word_1_189' title='bbox 550 3678 634 3742; x_wconf 88' lang='lat' dir='ltr'><strong>bo</strong></span> <span class='ocrx_word' id='word_1_190' title='bbox 652 3681 877 3761; x_wconf 86' lang='lat' dir='ltr'><strong>poetae</strong></span> <span class='ocrx_word' id='word_1_191' title='bbox 903 3674 1262 3739; x_wconf 84' lang='lat' dir='ltr'><strong>Horatium</strong></span> <span class='ocrx_word' id='word_1_192' title='bbox 1285 3673 1640 3739; x_wconf 85' lang='lat' dir='ltr'><strong>imitantur</strong></span> <span class='ocrx_word' id='word_1_193' title='bbox 1670 3689 1684 3739; x_wconf 74' lang='grc' dir='ltr'>ε</span> <span class='ocrx_word' id='word_1_194' title='bbox 1725 3677 1936 3739; x_wconf 88' lang='lat' dir='ltr'><strong>testes</strong></span> <span class='ocrx_word' id='word_1_195' title='bbox 1959 3673 2118 3755; x_wconf 86' lang='lat' dir='ltr'><strong>loci,</strong></span> <span class='ocrx_word' id='word_1_196' title='bbox 2144 3674 2393 3757; x_wconf 89' lang='lat' dir='ltr'><strong>quibus</strong></span> <span class='ocrx_word' id='word_1_197' title='bbox 2425 3674 2696 3759; x_wconf 92' lang='lat' dir='ltr'><strong>epicum</strong></span> 
     </span>
     <span class='ocr_line' id='line_1_27' title="bbox 432 3784 2701 3874; baseline -0.001 -21"><span class='ocrx_word' id='word_1_198' title='bbox 432 3807 711 3854; x_wconf 78' lang='lat' dir='ltr'><strong>carmen</strong></span> <span class='ocrx_word' id='word_1_199' title='bbox 747 3786 1126 3852; x_wconf 91' lang='lat' dir='ltr'><strong>modestius</strong></span> <span class='ocrx_word' id='word_1_200' title='bbox 1171 3786 1476 3870; x_wconf 83' lang='lat' dir='ltr'><strong>incipere</strong></span> <span class='ocrx_word' id='word_1_201' title='bbox 1520 3789 1760 3874; x_wconf 84' lang='lat' dir='ltr'><strong>poetas</strong></span> <span class='ocrx_word' id='word_1_202' title='bbox 1806 3791 2092 3869; x_wconf 88' lang='lat' dir='ltr'><strong>uterque</strong></span> <span class='ocrx_word' id='word_1_203' title='bbox 2133 3787 2334 3869; x_wconf 88' lang='lat' dir='ltr'><strong>jubet</strong></span> <span class='ocrx_word' id='word_1_204' title='bbox 2368 3784 2449 3873; x_wconf 70' lang='lat'><strong>(2)</strong></span> <span class='ocrx_word' id='word_1_205' title='bbox 2503 3786 2701 3852; x_wconf 87' lang='lat' dir='ltr'><strong>audi-</strong></span> 
     </span>
     <span class='ocr_line' id='line_1_28' title="bbox 432 3897 2696 3986; baseline -0.001 -20"><span class='ocrx_word' id='word_1_206' title='bbox 432 3908 791 3986; x_wconf 88' lang='lat' dir='ltr'><strong>toremque</strong></span> <span class='ocrx_word' id='word_1_207' title='bbox 826 3901 896 3965; x_wconf 90' lang='lat' dir='ltr'><strong>in</strong></span> <span class='ocrx_word' id='word_1_208' title='bbox 918 3900 1183 3965; x_wconf 91' lang='lat' dir='ltr'><strong>medias</strong></span> <span class='ocrx_word' id='word_1_209' title='bbox 1213 3918 1349 3979; x_wconf 83' lang='lat' dir='ltr'><strong>reS‚</strong></span> <span class='ocrx_word' id='word_1_210' title='bbox 1384 3916 1521 3964; x_wconf 90' lang='lat' dir='ltr'><strong>non</strong></span> <span class='ocrx_word' id='word_1_211' title='bbox 1556 3917 1754 3964; x_wconf 90' lang='lat' dir='ltr'><strong>secus</strong></span> <span class='ocrx_word' id='word_1_212' title='bbox 1789 3917 1871 3964; x_wconf 89' lang='lat' dir='ltr'><strong>ac</strong></span> <span class='ocrx_word' id='word_1_213' title='bbox 1895 3905 2119 3980; x_wconf 86' lang='lat' dir='ltr'><strong>notas,</strong></span> <span class='ocrx_word' id='word_1_214' title='bbox 2154 3918 2400 3984; x_wconf 87' lang='lat' dir='ltr'><strong>rapere</strong></span> <span class='ocrx_word' id='word_1_215' title='bbox 2430 3897 2545 3983; x_wconf 84' lang='lat'><strong>(3),</strong></span> <span class='ocrx_word' id='word_1_216' title='bbox 2585 3899 2696 3965; x_wconf 83' lang='lat' dir='ltr'><strong>vel</strong></span> 
     </span>
     <span class='ocr_line' id='line_1_29' title="bbox 432 4014 2701 4100; baseline -0.001 -18"><span class='ocrx_word' id='word_1_217' title='bbox 432 4016 639 4082; x_wconf 83' lang='lat' dir='ltr'><strong>etiam</strong></span> <span class='ocrx_word' id='word_1_218' title='bbox 667 4016 806 4082; x_wconf 94' lang='lat' dir='ltr'><strong>illis</strong></span> <span class='ocrx_word' id='word_1_219' title='bbox 840 4015 1106 4096; x_wconf 89' lang='lat' dir='ltr'><strong>suadet,</strong></span> <span class='ocrx_word' id='word_1_220' title='bbox 1139 4018 1213 4081; x_wconf 89' lang='lat' dir='ltr'><strong>ut</strong></span> <span class='ocrx_word' id='word_1_221' title='bbox 1245 4033 1504 4080; x_wconf 90' lang='lat' dir='ltr'><strong>nonum</strong></span> <span class='ocrx_word' id='word_1_222' title='bbox 1541 4014 1611 4080; x_wconf 89' lang='lat' dir='ltr'><strong>in</strong></span> <span class='ocrx_word' id='word_1_223' title='bbox 1647 4033 1904 4079; x_wconf 89' lang='lat' dir='ltr'><strong>annum</strong></span> <span class='ocrx_word' id='word_1_224' title='bbox 1935 4014 2264 4098; x_wconf 85' lang='lat' dir='ltr'><strong>quidquid</strong></span> <span class='ocrx_word' id='word_1_225' title='bbox 2297 4014 2701 4100; x_wconf 88' lang='lat' dir='ltr'><strong>scripserint</strong></span> 
     </span>
     <span class='ocr_line' id='line_1_30' title="bbox 433 4126 2692 4215; baseline 0.001 -24"><span class='ocrx_word' id='word_1_226' title='bbox 433 4133 747 4214; x_wconf 85' lang='lat' dir='ltr'><strong>premant</strong></span> <span class='ocrx_word' id='word_1_227' title='bbox 766 4126 874 4215; x_wconf 84' lang='lat'><strong>(4).</strong></span> <span class='ocrx_word' id='word_1_228' title='bbox 903 4127 1327 4203; x_wconf 85' lang='lat' dir='ltr'><strong>Quibusdam</strong></span> <span class='ocrx_word' id='word_1_229' title='bbox 1357 4131 1591 4193; x_wconf 88' lang='lat' dir='ltr'><strong>tamen</strong></span> <span class='ocrx_word' id='word_1_230' title='bbox 1624 4126 1696 4192; x_wconf 91' lang='lat' dir='ltr'><strong>in</strong></span> <span class='ocrx_word' id='word_1_231' title='bbox 1729 4126 1887 4192; x_wconf 88' lang='lat' dir='ltr'><strong>aliis</strong></span> <span class='ocrx_word' id='word_1_232' title='bbox 1924 4144 2062 4192; x_wconf 89' lang='lat' dir='ltr'><strong>non</strong></span> <span class='ocrx_word' id='word_1_233' title='bbox 2099 4126 2397 4192; x_wconf 90' lang='lat' dir='ltr'><strong>dubitari</strong></span> <span class='ocrx_word' id='word_1_234' title='bbox 2444 4129 2692 4215; x_wconf 89' lang='lat' dir='ltr'><strong>potest,</strong></span> 
     </span>
    </p>
   </div>
   <div class='ocr_carea' id='block_1_8' title="bbox 440 4295 773 4303">
    <p class='ocr_par' dir='ltr' id='par_1_8' title="bbox 440 4295 773 4303">
     <span class='ocr_line' id='line_1_31' title="bbox 440 4295 773 4303; baseline 0.003 -2"><span class='ocrx_word' id='word_1_235' title='bbox 440 4295 773 4303; x_wconf 47' lang='lat'><strong>*⁴⁴—</strong></span> 
     </span>
    </p>
   </div>
   <div class='ocr_carea' id='block_1_9' title="bbox 489 4408 1132 4737">
    <p class='ocr_par' dir='ltr' id='par_1_9' title="bbox 491 4408 703 4461">
     <span class='ocr_line' id='line_1_32' title="bbox 491 4408 703 4461; baseline -0.005 -9"><span class='ocrx_word' id='word_1_236' title='bbox 491 4409 553 4461; x_wconf 63' lang='grc'><strong>(1)</strong></span> <span class='ocrx_word' id='word_1_237' title='bbox 586 4408 703 4452; x_wconf 76' lang='lat'>1527.</span> 
     </span>
    </p>

    <p class='ocr_par' dir='ltr' id='par_1_10' title="bbox 489 4498 1132 4737">
     <span class='ocr_line' id='line_1_33' title="bbox 490 4498 1132 4554; baseline -0.003 -10"><span class='ocrx_word' id='word_1_238' title='bbox 490 4499 548 4553; x_wconf 70' lang='lat'><strong>(2)</strong></span> <span class='ocrx_word' id='word_1_239' title='bbox 584 4498 712 4542; x_wconf 74' lang='lat' dir='ltr'><strong>vida</strong></span> <span class='ocrx_word' id='word_1_240' title='bbox 732 4498 789 4554; x_wconf 79' lang='lat'><strong>11,</strong></span> <span class='ocrx_word' id='word_1_241' title='bbox 815 4498 885 4543; x_wconf 81' lang='grc'><strong>30.</strong></span> <span class='ocrx_word' id='word_1_242' title='bbox 905 4498 1049 4543; x_wconf 82' lang='lat' dir='ltr'><strong>Valk.</strong></span> <span class='ocrx_word' id='word_1_243' title='bbox 1071 4498 1132 4545; x_wconf 91' lang='lat'><strong>11.</strong></span> 
     </span>
     <span class='ocr_line' id='line_1_34' title="bbox 489 4589 1120 4646; baseline 0.002 -11"><span class='ocrx_word' id='word_1_244' title='bbox 489 4589 550 4645; x_wconf 75' lang='lat'><strong>(31</strong></span> <span class='ocrx_word' id='word_1_245' title='bbox 580 4590 784 4646; x_wconf 73' lang='lat' dir='ltr'><strong>Viduli,</strong></span> <span class='ocrx_word' id='word_1_246' title='bbox 804 4591 872 4635; x_wconf 79' lang='lat'><strong>60.</strong></span> <span class='ocrx_word' id='word_1_247' title='bbox 894 4591 1038 4635; x_wconf 77' lang='lat' dir='ltr'><strong>Valk.</strong></span> <span class='ocrx_word' id='word_1_248' title='bbox 1060 4591 1120 4636; x_wconf 89' lang='lat'><strong>11.</strong></span> 
     </span>
     <span class='ocr_line' id='line_1_35' title="bbox 491 4679 1085 4737; baseline 0.002 -12"><span class='ocrx_word' id='word_1_249' title='bbox 491 4679 555 4737; x_wconf 78' lang='lat'><strong>(4)</strong></span> <span class='ocrx_word' id='word_1_250' title='bbox 580 4680 706 4726; x_wconf 73' lang='lat' dir='ltr'><strong>Vidn</strong></span> <span class='ocrx_word' id='word_1_251' title='bbox 728 4681 813 4727; x_wconf 91' lang='lat'>111.</span> <span class='ocrx_word' id='word_1_252' title='bbox 834 4681 979 4726; x_wconf 80' lang='lat' dir='ltr'><strong>Valk.</strong></span> <span class='ocrx_word' id='word_1_253' title='bbox 1002 4681 1085 4727; x_wconf 92' lang='lat'>111.</span> 
     </span>
    </p>
   </div>
  </div>
 </body>
</html>
