3561 5729
1332 705 1410 715 —
1457 669 1571 728 1⁶25
1615 704 1689 712 —

352 819 471 882 De
512 833 765 883 scaenae
800 813 1167 900 disciplina
1199 814 1350 880 haec
1383 813 1797 879 Valkelinus
1835 829 1851 878 :

563 972 654 1037 Le
683 971 952 1037 theatre
978 968 1231 1052 jamais
1257 987 1344 1034 ne
1379 966 1524 1033 doit
1553 969 1734 1033 estre
1767 965 2015 1051 rempli

559 1085 733 1150 D’un
761 1086 1130 1168 argument
1157 1082 1311 1168 plus
1343 1082 1513 1165 long
1537 1099 1669 1165 que
1694 1080 1859 1146 d’un
1873 1081 2036 1164 jour
2072 1079 2408 1164 accompli
2438 1078 2544 1167 (l).

350 1230 511 1297 Illa
542 1232 775 1296 autem
808 1229 1085 1296 Bolaeus
1118 1245 1134 1296 :

514 1381 729 1457 Qu'en
765 1398 857 1448 un
888 1380 1056 1460 lieu,
1090 1377 1293 1464 qu’en
1327 1399 1421 1446 un
1439 1382 1627 1465 jour,
1657 1400 1753 1448 un
1776 1381 1923 1448 seul
1959 1380 2082 1448 fait
2109 1383 2446 1469 accompli

513 1494 771 1561 Tienne
795 1491 1073 1577 Jusqu’a
1107 1492 1176 1558 la
1199 1494 1296 1558 fin
1323 1492 1389 1559 le
1413 1492 1680 1560 theAtre
1713 1494 1958 1583 rempli
1998 1493 2111 1581 (2).

357 1645 603 1711 Ambo
646 1644 801 1711 haec
854 1644 1197 1729 exempla,
1245 1647 1501 1729 praeter
1556 1664 1712 1729 quae
1761 1644 2029 1711 nullum
2083 1645 2302 1725 aliud,
2349 1645 2644 1731 alicujus

357 1757 627 1825 saltem
650 1757 1005 1839 momenti,
1032 1756 1271 1823 referri
1301 1759 1548 1846 potest,
1571 1776 1708 1823 non
1735 1757 1821 1823 ad
1855 1758 1921 1823 id
1945 1758 2178 1824 valere
2197 1758 2643 1836 arbitramur.

361 1873 455 1936 ut
512 1871 787 1937 Bolaeus
839 1871 1287 1937 Valkelinum
1333 1871 1441 1937 vel
1502 1871 1785 1952 imitari,
1832 1871 1941 1937 vel
1984 1871 2191 1937 etiam
2235 1890 2440 1939 nosse
2497 1891 2647 1939 cre—

361 1982 583 2049 datur
626 1998 643 2049 :
689 1984 835 2048 tota
895 1983 1096 2065 enim,
1127 1985 1494 2049 versantur
1543 1983 1616 2049 in
1666 1983 2014 2049 locutione
2066 1982 2389 2067 quadam,
2440 2003 2647 2068 quam

362 2098 512 2165 sibi
550 2098 752 2165 unice
785 2098 1231 2165 Valkelinum
1262 2117 1596 2183 arrogare
1625 2100 2002 2166 absurdum
2035 2102 2241 2181 esset,
2277 2100 2445 2166 etin
2479 2099 2650 2167 duo-

361 2212 509 2278 bus
563 2208 937 2299 rhythmis,
990 2212 1239 2296 quibus
1313 2212 1484 2278 nihil
1558 2214 1699 2278 tam
1771 2212 2096 2297 exquisiti
2170 2212 2646 2298 reconditique

366 2324 586 2404 inest,
633 2326 708 2390 ut
752 2341 872 2390 eos
917 2324 1193 2391 Bolaeus
1236 2328 1479 2411 sponte
1528 2325 1841 2392 invenire
1892 2344 2031 2391 non
2082 2326 2403 2411 potuerit.
2453 2326 2643 2401 Quod

367 2456 550 2504 vero
598 2439 687 2503 ad
729 2438 920 2506 locos
961 2439 1228 2521 attinet,
1285 2439 1356 2505 in
1413 2440 1662 2524 quibus
1713 2442 1980 2508 eaedem
2025 2460 2239 2531 prope
2283 2443 2645 2509 sententiae

371 2552 679 2619 diversis
711 2552 944 2620 verbis
978 2555 1065 2621 ab
1113 2556 1403 2639 utroque
1447 2558 1604 2621 vate
1631 2559 2153 2645 expromuntur,
2183 2558 2463 2624 crebros
2498 2556 2648 2642 qui-

374 2667 542 2733 dem
578 2685 699 2733 eos
736 2685 890 2734 esse
929 2687 1068 2734 non
1112 2668 1544 2735 infitiandum
1581 2672 1716 2755 est3
1760 2670 1882 2736 sed
1917 2670 2087 2737 illud
2126 2689 2214 2737 ex
2243 2671 2351 2738 his
2378 2673 2644 2737 tantum

375 2781 624 2848 inferri
672 2782 900 2862 debet,
942 2801 1082 2848 non
1123 2783 1493 2850 Valkelino
1537 2784 1877 2871 Bolaeum,
1925 2785 2047 2852 sed
2090 2785 2374 2852 Horatio
2414 2788 2483 2851 et
2513 2787 2647 2852 Bo-

375 2897 594 2963 laeum
624 2899 690 2962 et
725 2895 1171 2963 Valkelinum
1205 2898 1569 2965 obsecutos
1599 2917 1774 2965 esse.
1812 2899 1950 2965 Alii
1979 2901 2211 2965 tamen
2240 2899 2375 2965 loci
2401 2898 2645 2966 referri

378 3012 700 3098 possunt,
737 3007 810 3073 in
844 3009 1093 3092 quibus
1121 3010 1351 3088 amb0,
1389 3010 1705 3094 quamvis
1738 3011 2060 3078 Flaccum
2089 3029 2228 3077 non
2262 3010 2643 3095 imitentur,

382 3124 631 3190 eadem
669 3141 868 3208 paene
912 3122 1280 3190 disserunt.
1316 3123 1529 3189 Primi
1571 3123 1728 3189 libri
1767 3125 1990 3206 initi0‚
2038 3128 2113 3191 ut
2152 3144 2369 3192 unum
2402 3126 2649 3192 saltem

385 3233 781 3318 exemplum
835 3234 1293 3322 proferamus,
1352 3234 1627 3300 Bolaeus
1679 3253 1880 3300 suum
1939 3235 2185 3319 cuique
2238 3236 2379 3301 vati
2427 3254 2651 3320 genus

385 3346 725 3430 assignat,
763 3351 831 3412 et
860 3364 1098 3414 omnes
1134 3348 1366 3413 omnia
1391 3366 1527 3414 non
1558 3351 1826 3414 tentare
1847 3366 2049 3436 posse
2085 3349 2284 3416 docet
2318 3347 2435 3436 (3):
2467 3351 2650 3434 quod

385 3462 664 3548 quidem
692 3462 1103 3536 Valkelinus
1143 3463 1216 3536 in
1249 3464 1473 3549 primo
1514 3481 1784 3548 quoque
1829 3463 2007 3529 libro
2030 3464 2179 3546 jam
2222 3463 2596 3549 scripserat
2629 3479 2646 3532 t

653 3613 785 3678 Des
816 3613 1056 3697 poetes
1092 3611 1268 3679 ainsi
1298 3612 1442 3678 l'un
1477 3612 1623 3694 fait,
1661 3615 1792 3679 etc.

385 3761 573 3827 Nihil
603 3779 770 3829 vero
803 3762 1198 3828 mirandum
1223 3766 1351 3845 est,
1384 3765 1566 3848 quod
1597 3764 1866 3831 duobus
1894 3765 2166 3832 Artium
2193 3764 2648 3853 scriptoribus

385 3876 632 3942 eadem
665 3876 1037 3960 aliquando
1064 3878 1451 3943 occurrant.
1494 3879 1581 3944 Ut
1613 3878 1762 3963 ipse
1800 3882 1898 3945 ait
1925 3880 2363 3961 ValkelinuS,

564 4013 692 4089 Qui
722 4031 811 4079 va
841 4031 1102 4080 mesme
1138 4013 1413 4080 chemin
1445 4015 1516 4080 et
1540 4014 1663 4081 fait
1691 4034 1953 4083 mesme
1989 4036 2261 4102 voyage

565 4125 1006 4211 Quelquesois
1041 4146 1116 4194 se
1145 4131 1510 4194 rencontre
1546 4148 1631 4195 en
1667 4149 1761 4196 un
1796 4149 2056 4197 mesme
2084 4148 2377 4216 passage
2410 4128 2520 4218 (4).

389 4263 734 4347 Ceterum,
788 4265 1057 4333 etiamsi
1119 4267 1207 4332 ab
1259 4266 1515 4350 ingrati
1572 4266 1787 4333 animi
1835 4267 2123 4334 crimine
2170 4269 2278 4335 sui
2336 4269 2645 4337 Bolaeum

440 4460 505 4517 (l)
532 4461 641 4508 Lib.
665 4462 726 4506 11.

444 4539 509 4592 (2)
535 4539 645 4585 Lib.
665 4539 750 4584 111.

443 4617 507 4672 (3)
531 4618 577 4662 A
597 4619 742 4662 tertio
761 4618 955 4663 decimo
978 4629 1129 4663 versu
1148 4631 1307 4675 usque
1326 4619 1388 4664 ad
1409 4619 1710 4665 vicesimum
1728 4619 2012 4675 septimum.

444 4696 509 4750 (4)
535 4695 644 4741 Lib.
666 4697 703 4741 1.
795 4723 798 4732 ·
