3561 5729
1811 624 2171 686 -134—

858 766 1207 832 Sermonis
1239 769 1469 832 autem
1520 766 1688 833 vitia
1723 785 1865 834 non
1898 767 2199 852 ignorat,
2237 785 2531 853 eumque
2574 767 2883 853 paenitet,
2926 769 3108 853 quod

859 897 997 945 non
1029 880 1119 945 sit
1152 879 1378 963 magis
1416 880 1838 946 enucleatus
2668 860 2672 866 Δ

1050 1117 1063 1129 .
1094 1117 1107 1130 .
1138 1118 1150 1131 .
1212 1067 1356 1141 Que
1383 1085 1471 1132 ne
1501 1067 1634 1132 soit
1668 1086 1748 1134 sa
1780 1069 1974 1134 Muse
2010 1069 2077 1133 et
2111 1067 2265 1154 plus
2295 1070 2479 1135 nette
2505 1071 2573 1135 et
2605 1068 2788 1154 polie
2819 1068 2926 1156 (l).

858 1263 1069 1329 Recte
1102 1264 1256 1330 haec
1299 1264 1535 1331 Daniel
1580 1267 1909 1335 Huetius:
1977 1291 2010 1329 «
2050 1268 2118 1334 Si
2171 1268 2559 1353 Vauquelin
2603 1268 2791 1335 avoit
2843 1267 3025 1353 joint
3067 1269 3111 1334 a

860 1396 971 1443 ses
1013 1378 1263 1444 talents
1297 1378 1367 1444 la
1416 1380 1742 1465 politesse
1796 1382 1888 1448 du
1935 1383 2158 1469 grand
2201 1383 2476 1465 monde,
2523 1382 2571 1447 il
2622 1382 2785 1448 iroit
2825 1382 2911 1449 de
2959 1381 3110 1466 pair

857 1508 1028 1557 aveo
1059 1491 1163 1586 les
1197 1492 1352 1580 plus
1387 1493 1695 1561 celebres
1728 1498 1966 1580 poetes
2000 1496 2085 1561 de
2120 1514 2247 1563 son
2281 1496 2489 1562 siecle
2527 1494 2617 1582 (2)
2658 1520 2717 1562 ».
2772 1495 2903 1561 Sed
2938 1514 3113 1561 nun-

855 1619 1062 1684 quam
1091 1602 1239 1667 vati
1264 1605 1577 1688 contigit,
1621 1608 1696 1671 ut
1742 1605 2418 1690 elegantissimorum
2457 1606 2925 1691 ingeniorum,
2961 1605 3114 1689 qui-

859 1715 984 1780 bus
1045 1716 1291 1782 Parisii
1355 1717 1782 1785 domicilium
1844 1722 2065 1802 erant,
2126 1719 2592 1786 familiaritate
2655 1720 2788 1786 frui
2850 1720 3102 1808 posset.

857 1828 1072 1893 Immo
1106 1828 1417 1912 queritur
1465 1849 1652 1920 saepe
1700 1832 1883 1916 quod
1919 1832 2151 1899 officia
2183 1852 2605 1917 muneraque
2639 1833 2866 1918 ipsum
2893 1833 3111 1917 impe-

857 1939 1075 2021 diunt,
1108 1960 1197 2007 ne
1226 1943 1393 2007 satis
1429 1944 1837 2028 diligentem
1881 1963 2163 2030 operam
2205 1946 2638 2032 poematibus
2669 1945 2813 2012 suis
2848 1945 3112 2028 impen-

854 2054 991 2121 dat.
1047 2056 1285 2122 Sermo
1324 2057 1472 2141 eJus
1525 2057 1818 2126 diffusus
1857 2063 1985 2141 est,
2019 2079 2147 2125 nec
2194 2060 2407 2126 ullam
2441 2060 2650 2126 habet
2682 2057 3113 2124 concinnita-

857 2172 1032 2254 tem3
1072 2170 1286 2234 verba
1319 2189 1561 2255 parum
1607 2171 1860 2238 idonea
1902 2172 2159 2258 saepius
2193 2176 2637 2258 usurpantur,
2693 2175 2914 2238 totum
2954 2170 3114 2238 scri-

856 2281 1062 2347 bendi
1087 2301 1310 2366 genus
1341 2284 1695 2351 incultum.
1733 2285 2043 2353 Bolaeum
2078 2289 2341 2366 contra,
2381 2287 2695 2371 quamvis
2733 2286 2804 2351 in
2839 2286 3106 2371 poetico

859 2394 1008 2476 ejus
1051 2394 1208 2460 stilo
1260 2395 1536 2462 solliciti
1593 2397 1964 2482 aliquando
2017 2399 2330 2466 nonnihil
2385 2398 2474 2465 sit
2526 2400 2594 2464 et
2628 2398 2933 2482 angusti,
2982 2397 3114 2463 hoc

859 2506 1225 2572 Valkelino
1257 2508 1465 2593 longe
1495 2513 1829 2595 praestare
1865 2511 2226 2578 manifeste
2261 2514 2473 2597 patet,
2507 2512 2688 2596 quod
2725 2511 2942 2576 multo
2978 2529 3115 2576 ma-

858 2619 968 2702 gis
1015 2638 1255 2704 presso
1306 2640 1389 2687 ac
1444 2624 1723 2712 proprio
1758 2644 2077 2691 sermone
2134 2625 2379 2711 utitur3
2424 2644 2775 2709 nunquam
2822 2625 3115 2691 circum-

861 2732 1079 2799 fluens
1106 2752 1184 2800 ac
1213 2722 1630 2815 redundans,
1665 2756 2017 2822 nunquam
2042 2738 2345 2804 incertus
2372 2756 2454 2804 ac
2477 2756 2725 2822 vaguS,
2763 2755 3116 2821 nunquam

857 2846 1230 2913 mendosus
1265 2851 1391 2914 est.
1424 2849 1581 2932 ArS,
1621 2850 1830 2917 etiam
1858 2871 2014 2918 cum
2035 2852 2291 2941 optime
2318 2851 2650 2933 succedit,
2685 2847 3111 2937 deprehendi

869 2964 1121 3049 potest3
1159 2963 1281 3030 sed
1323 2982 1660 3050 nusquam
1699 2966 1771 3031 in
1818 2967 1975 3032 stilo
2017 2966 2329 3050 lascivia,
2368 2966 2481 3032 vel
2520 2966 2983 3050 indiligentia,
3003 2964 3114 3030 vel

859 3080 1123 3147 discors
1174 3082 1408 3167 aliqua
1464 3084 1773 3151 colorum
1824 3084 2147 3151 varietas,
2205 3084 2536 3151 Currente
2587 3083 2855 3149 calamo
2909 3081 3117 3167 scrip-

860 3194 1033 3260 sisse
1095 3195 1502 3262 Valkelinus
1540 3197 1841 3266 videtur:
1885 3197 2163 3263 lituram
2204 3199 2271 3262 et
2316 3196 2505 3263 limae
2535 3196 2846 3262 laborem
2890 3195 3114 3278 magis

866 3310 1235 3384 metuebat,
1286 3329 1493 3394 quam
1544 3311 1621 3376 ut
1670 3309 2027 3376 enucleate
2092 3328 2463 3397 presseque
2508 3309 2789 3375 diceret.
2841 3308 3115 3374 Bolaeus

865 3423 1103 3487 contra
1125 3421 1391 3487 nullum
1421 3421 1708 3487 verbum
1744 3421 1961 3506 ponit,
1992 3422 2173 3505 quod
2214 3439 2351 3486 non
2382 3420 2913 3505 diligentissime
2960 3438 3117 3486 exa-

862 3534 1269 3620 minaverit3
1305 3554 1579 3621 semper
1613 3535 1743 3601 sibi
1780 3535 1928 3620 ipse
1965 3535 2172 3600 instat
2206 3537 2273 3600 et
2302 3534 2600 3601 sollicita
2647 3552 2815 3601 cura
2852 3534 3110 3614 omnia,

863 3665 1313 3732 quaecumque
1349 3649 1610 3730 scribit,
1645 3648 1733 3714 ad
1765 3666 2070 3732 unguem
2101 3647 2417 3732 castigat.

955 3761 1042 3825 Ut
1062 3762 1210 3844 jam
1240 3760 1477 3845 paucis
1507 3760 1736 3827 verbis
1770 3759 2242 3842 concludatur,
2285 3760 2342 3827 si
2378 3760 2466 3826 ad
2499 3763 2714 3827 totam
2758 3761 3115 3845 utriusque

863 3872 1092 3957 operis
1119 3871 1555 3959 disciplinam
1585 3874 2001 3957 spectamuS,
2028 3872 2301 3957 septimi
2328 3872 2576 3938 decimi
2608 3871 2846 3938 saeculi
2883 3874 3110 3957 poeta,

864 3987 1179 4071 quamvis
1231 3985 1676 4053 Valkelinum
1714 4006 1801 4052 ne
1847 3987 2123 4052 novisse
2172 3987 2450 4071 quidem
2492 3987 2833 4069 videatur,
2873 3987 3116 4052 eadem

864 4120 1050 4186 saepe
1078 4101 1186 4166 vel
1222 4100 1478 4166 similia
1505 4101 1728 4182 docet,
1768 4101 1889 4166 sed
1914 4100 2128 4166 multo
2156 4100 2381 4184 magis
2407 4119 2738 4186 expressa
2768 4102 3117 4188 praecepta

864 4213 1094 4280 tradit.
1143 4214 1332 4288 Quod
1379 4214 1466 4279 ad
1513 4213 1742 4301 poesis
1803 4213 2164 4279 historiam
2211 4214 2476 4292 attinet,
2525 4213 2895 4280 Valkelino
2930 4217 3117 4280 certe

866 4326 1047 4392 cedit
1079 4327 1376 4392 BolaeuS.
1421 4327 1565 4393 Hoc
1599 4326 1987 4411 praesertim
2031 4327 2369 4415 superiori
2405 4326 2543 4394 vati
2579 4329 2888 4413 praestat,
2933 4325 3118 4410 quod

921 4567 980 4621 (l)
1008 4566 1115 4612 Lib.
1138 4567 1174 4611 1.

921 4649 979 4703 (2)
1010 4647 1244 4702 Orfqina,
1265 4658 1312 4703 p.
1332 4647 1427 4692 55⁴.
