3561 5729
1876 628 2198 691 -80-

908 778 1176 846 nullum
1208 794 1376 843 vero
1404 774 1791 863 disciplinae
1825 773 2155 840 indicium
2188 775 2328 855 dat,
2368 791 2524 857 quae
2558 778 2772 842 totam
2810 776 2987 865 epici
3028 796 3178 843 car-

910 891 1117 958 minis
1165 890 1457 956 formam
1505 889 1909 973 contingere
1945 889 2281 954 videatur.
2333 890 2570 955 Restat
2605 890 2755 974 jam
2797 894 2875 957 ut
2914 890 2987 956 in
3022 890 3174 975 ipso

909 1006 1231 1091 poemate
1266 1020 1684 1088 quaeramuS‚
1714 1002 1876 1085 quid
1899 1000 1984 1066 de
2011 1002 2142 1067 hoc
2166 1020 2425 1085 genere
2458 1003 2859 1069 Ronsardus
2874 1003 3168 1088 judicet.

912 1117 1244 1191 Quattuor
1276 1110 1694 1181 Franciadis
1727 1113 1912 1195 libri,
1956 1132 2163 1197 quam
2197 1115 2535 1180 conficere
2575 1133 2713 1181 non
2757 1115 2820 1181 ei
2851 1116 3166 1200 contigit,

910 1228 1146 1314 frigidi
1194 1231 1355 1296 sunt
1399 1246 1858 1313 enervesque3
1910 1227 2131 1294 haeret
2176 1227 2595 1313 languetque
2643 1228 2877 1296 fabula
2917 1231 2987 1295 et
3029 1229 3171 1296 dis-

900 1341 1106 1426 jectis
1162 1341 1474 1426 partibus
1526 1342 1817 1420 constat,
1878 1357 2072 1424 quae,
2142 1339 2447 1423 undique
2508 1338 2806 1423 collatae,
2867 1340 2986 1407 vix
3052 1341 3171 1406 uni

911 1453 1249 1538 poematis
1295 1453 1537 1519 formae
1580 1451 1773 1519 reddi
1820 1454 2129 1537 possunt.
2175 1452 2326 1517 Non
2371 1451 2573 1518 aliter
2620 1471 2826 1537 quam
2866 1452 3174 1537 aequales

912 1568 998 1633 de
1032 1567 1312 1634 heroico
1348 1584 1555 1654 opere
1591 1565 1992 1631 Ronsardus
2025 1565 2233 1631 sentit
2267 1580 2284 1631 :
2335 1565 2403 1630 id
2439 1565 2612 1631 nihil
2649 1566 2836 1632 aliud
2872 1569 3000 1649 est,
3038 1566 3174 1633 nisi

911 1684 1251 1749 immensa
1293 1682 1528 1767 aliqua
1569 1681 1915 1762 machina,
1959 1682 2152 1765 cujus
2194 1680 2460 1764 alveus,
2508 1682 2713 1748 certis
2760 1682 3172 1767 quibusdam

910 1796 1320 1879 intervalliS,
1349 1795 1809 1876 contionibuS,
1841 1794 2133 1880 proeliis,
2166 1793 2477 1877 somniis,
2515 1795 2923 1879 naufragiis,
2955 1795 3175 1861 reser-

910 1910 1197 1977 ciendus
1230 1910 1351 1993 sit3
1399 1909 1552 1976 haec
1589 1908 1766 1996 epici
1816 1906 2143 1973 carminis
2178 1907 2490 1973 membra
2523 1925 2610 1973 ex
2643 1908 2963 1974 omnibus
2991 1907 3174 1973 anti-

911 2044 1203 2109 quorum
1252 2026 1488 2090 vatum
1533 2022 1872 2109 poematis
1913 2022 2244 2106 colligere
2284 2026 2353 2088 et
2399 2022 2471 2088 in
2503 2041 2714 2089 unum
2761 2042 3009 2108 corpus
3056 2042 3174 2089 co-

911 2155 1105 2222 gere,
1155 2137 1289 2202 hoc
1331 2139 1436 2202 est
1479 2134 1740 2202 heroici
1789 2138 2014 2219 poetae
2062 2152 2259 2218 opus.
2310 2172 2397 2184 --
2441 2135 2880 2219 octogesimo
2924 2140 3171 2220 quarto

912 2247 1150 2315 saeculi
1185 2265 1393 2329 ann0,
1448 2246 1663 2333 priori
1706 2245 2097 2335 praefationi
2132 2245 2423 2312 alteram
2452 2247 2851 2314 Ronsardus
2890 2248 3168 2332 sufficit,

912 2383 1069 2450 quae
1113 2367 1266 2449 post
1309 2366 1458 2447 ejus
1496 2365 1791 2429 mortem
1834 2361 1917 2449 (1)
1967 2362 2154 2428 edita
2204 2361 2353 2429 suit.
2408 2364 2485 2427 In
2536 2362 2666 2429 hac
2712 2363 3174 2430 minutissima

910 2479 1230 2564 quaedam
1291 2478 1654 2545 traduntur
1709 2480 2059 2566 praecepta
2124 2477 2209 2542 de
2273 2478 2645 2543 verborum
2702 2478 3017 2554 circuitu,
3083 2478 3170 2545 de

907 2592 1498 2667 similitudinibus,
1533 2591 1618 2657 de
1649 2590 1994 2656 vocalium
2025 2594 2093 2657 et
2117 2609 2576 2657 consonarum
2602 2611 2756 2675 usu,
2792 2592 2879 2659 de
2912 2592 3171 2677 gallica

908 2706 1118 2774 etiam
1158 2705 1679 2791 orthographia.
1730 2705 2267 2791 Incompositum
2311 2705 2912 2791 inordinatumque
2950 2709 3170 2772 totum

907 2839 1103 2911 opus
1134 2819 1463 2897 Quaedam
1495 2821 1705 2901 certe,
1726 2836 1885 2904 quae
1914 2819 2002 2885 ad
2037 2818 2215 2904 epici
2242 2818 2569 2887 carminis
2593 2819 2817 2906 ipsam
2843 2819 3169 2888 virtutem

907 2937 1242 3021 spectant,
1273 2933 1608 3019 praeclare
1643 2934 1999 3015 docentur,
2038 2951 2192 2999 cum
2228 2933 2569 3019 imprimis
2594 2934 2903 3002 historici
2934 2934 3167 3000 heroi‘-

907 3050 1105 3135 cique
1153 3050 1331 3116 vatis
1383 3049 1613 3115 officia
1653 3049 1950 3115 dinoscit
1991 3049 2424 3133 Ronsardus;
2486 3050 2608 3117 sed
2650 3052 2882 3117 tamen
2929 3068 3169 3116 veram

904 3181 1303 3247 meramque
1335 3162 1545 3229 totius
1578 3162 1861 3247 generis
1894 3163 2034 3228 vim
2069 3182 2208 3229 non
2245 3164 2447 3248 plane
2492 3163 2935 3236 intellexisse,
2963 3166 3169 3252 poeta

906 3278 1054 3366 ipse
1085 3276 1217 3342 dici
1255 3277 1513 3361 potest;
1553 3294 1693 3342 non
1736 3275 1943 3341 modo
1985 3275 2155 3342 artis
2189 3275 2502 3342 terminis
2537 3294 2818 3342 carmen
2850 3275 3163 3356 includit,

906 3393 1026 3459 sed
1067 3391 1274 3457 etiam
1310 3392 1526 3458 multo
1573 3391 1800 3474 magis
1832 3390 2128 3457 artificio
2163 3409 2370 3475 quam
2418 3391 2635 3457 libero
2672 3393 3032 3477 poetarum
3062 3391 3169 3455 in-

905 3504 1113 3589 genio
1180 3502 1494 3569 conferre
1553 3502 1624 3567 in
1674 3502 1975 3569 heroicis
2026 3503 2413 3587 pangendis
2479 3503 2774 3569 videtur.
2837 3503 3165 3577 Quamvis

907 3637 1121 3704 prope
1151 3617 1339 3684 solus
1379 3617 1556 3682 inter
1599 3616 1905 3701 aequales
1939 3621 2178 3703 poetas
2212 3618 2737 3684 Homericorum
2770 3621 3164 3704 poematum

905 3751 1144 3799 veram
1191 3730 1735 3814 intellegentiam
1789 3732 2043 3816 saepius
2087 3731 2535 3819 habuerit(2)‚
2587 3733 2975 3817 Vergilium
3027 3734 3166 3800 Ho-

907 3862 1099 3911 mero
1147 3843 1295 3927 ipse
1330 3843 1632 3926 praefert.
1682 3842 2001 3909 Ceterum
2032 3862 2120 3910 ex
2157 3847 2305 3910 arte
2340 3848 2408 3911 et
2450 3844 2725 3911 fictione
2769 3863 2971 3911 omne
3020 3846 3166 3930 epi-

908 3978 1066 4025 cum
1099 3976 1273 4043 opus
1321 3956 1473 4022 fieri
1516 3956 1912 4023 arbitratur.
1968 3957 2034 4024 Si
2071 3957 2134 4024 ei
2183 3957 2510 4040 creditur,
2562 3958 2796 4024 Iliadis
2842 3958 3157 4046 scriptor,

908 4091 1063 4139 cum
1110 4071 1322 4138 vellet
1363 4069 1809 4136 AEacidarum
1846 4071 2145 4155 gratiam
2182 4071 2313 4138 sibi
2359 4071 2753 4155 conciliare,
2790 4092 2879 4138 ex
2929 4075 3161 4138 vetere

907 4186 1142 4254 sabula
1170 4186 1480 4251 divinum
1512 4203 1760 4274 poema
1790 4185 2116 4268 condidit,
2156 4185 2226 4251 in
2252 4205 2387 4269 quo
2413 4205 2652 4252 omnes
2682 4205 3014 4271 personas
3039 4204 3163 4253 suo

906 4300 1193 4367 arbitrio
1228 4298 1447 4364 finxit.
1499 4298 1685 4365 Nihil
1722 4298 1937 4382 igitur
1981 4298 2257 4381 mirum,
2297 4299 2478 4384 quod
2522 4299 2921 4366 Ronsardus
2971 4299 3164 4365 facti-

981 4523 997 4567 l
1051 4521 1172 4568 1587.

958 4524 1021 4657 {2}
1048 4601 1156 4645 Hoc
1175 4612 1375 4646 carmen
1395 4601 1560 4654 legere
1583 4599 1706 4643 satis
1722 4601 1817 4652 est,
1838 4598 1920 4654 qui
1941 4609 2005 4642 ex
2024 4599 2117 4643 hoc
2136 4609 2287 4644 versu
2304 4598 2503 4642 initium
2527 4599 2707 4643 sumit:

1332 4679 1390 4722 Je
1409 4689 1540 4722 veux
1562 4677 1653 4722 lire
1673 4688 1736 4722 en
1752 4689 1820 4720 un
1835 4677 1947 4730 jour
1968 4677 2152 4722 l'lliade
2173 4676 2450 4720 d'Homere.
