3561 5729
1966 621 2286 684 ..92-

999 791 1250 839 nomen
1287 771 1471 856 apud
1509 789 1633 836 nos
1669 771 1916 836 suerat.
1951 767 2440 835 Recentiorum
2477 766 2755 850 quidem
2790 767 3020 832 vatum
3059 765 3274 852 plura

999 883 1324 950 carmina
1356 899 1480 968 pro
1515 881 1702 947 veris
1736 880 1969 947 satiris
2004 879 2303 964 judicari
2350 880 2633 945 debent:
2686 878 2929 945 Bellaii
2962 876 3276 947 Aulicus

990 998 1211 1086 poeta,
1284 996 1623 1064 Ronsardi
1696 993 1965 1063 Violata
2019 995 2285 1083 Dryas,
2347 991 2431 1061 de
2491 995 2863 1082 temporum
2928 991 3274 1064 aerumnis

996 1111 1262 1190 Sermo,
1288 1111 1505 1176 multa
1525 1112 1732 1175 etiarn
1761 1088 2036 1194 Rapini‚
2062 1106 2434 1174 Passeratii
2456 1104 2887 1191 aliorumque
2911 1112 3263 1193 poemata.

998 1224 1130 1290 Sed
1164 1242 1366 1290 nemo
1392 1230 1551 1289 ante
1587 1222 2031 1288 Valkelinum
2051 1223 2279 1313 justas
2313 1239 2395 1286 ac
2429 1220 2781 1305 legitimas
2814 1222 3089 1303 satiras,
3124 1222 3267 1289 hoc

996 1337 1275 1405 nomine
1311 1336 1699 1422 inscriptas,
1755 1355 1841 1401 ex
1890 1335 2231 1401 destinato
2280 1337 2784 1419 composuerat.
2824 1335 2992 1402 Cum
3046 1334 3273 1419 igitur

997 1454 1129 1520 hoc
1192 1472 1415 1538 genus
1466 1452 1743 1536 gallicae
1803 1452 1992 1549 poesi
2052 1451 2349 1537 primum
2405 1450 2552 1535 ipse
2602 1450 2948 1531 intulerit,
3006 1451 3271 1517 mirum

999 1569 1218 1635 videri
1257 1573 1505 1654 potest.
1545 1568 1726 1653 quod
1764 1569 1831 1633 in
1881 1570 2042 1661 Arte
2078 1570 2215 1632 tam
2255 1585 2473 1652 pauca
2505 1567 2590 1633 de
2631 1585 2714 1633 eo
2759 1567 3077 1634 disserat.
3116 1569 3272 1635 Nec

1003 1679 1203 1765 plura
1232 1680 1318 1746 de
1355 1678 1690 1766 Epistula,
1729 1697 1935 1763 quam
1967 1678 2202 1745 satirae
2228 1677 2487 1744 sociam
2513 1678 2850 1761 adjungit.
2878 1679 3269 1763 Utrumque

999 1812 1173 1876 opus
1208 1793 1276 1858 in
1297 1793 1501 1858 tertio
1536 1791 1714 1859 libro
1732 1809 2137 1876 aggressus,
2163 1790 2332 1856 satis
2367 1790 2577 1856 habet
2604 1790 2690 1855 ad
2728 1788 2990 1856 Horatii
3022 1808 3271 1857 exem-

999 1907 1187 1991 plum
1207 1910 1446 1990 poetas
1472 1923 1745 1984 vocare,
1769 1909 2091 1988 recteque
2114 1903 2551 1989 interpretari
2579 1904 2741 1988 quid
2763 1904 2942 1969 inter
2963 1904 3266 1970 Romani
3336 1910 3340 1914 *

998 2023 1175 2089 vatis
1210 2023 1460 2089 satiras
1494 2025 1562 2089 et
1596 2020 1928 2106 epistulas
1965 2021 2300 2088 interesse
2327 2021 2665 2088 videatur.

1455 2239 1827 2254 .....
1937 2189 2086 2253 Aux
2125 2188 2403 2271 Satyres
2433 2186 2478 2252 il
2516 2187 2717 2253 tache

1133 2302 1480 2369 Arracher
1507 2301 1594 2368 de
1628 2320 1756 2369 nos
1788 2319 2017 2368 coeurs
2055 2302 2152 2368 les
2186 2301 2373 2368 vices
2408 2301 2572 2386 qu’il
2603 2303 2901 2381 attache,

1133 2416 1214 2481 Et
1243 2413 1423 2499 (que)
1453 2417 1604 2480 tout
1631 2432 1720 2479 au
1755 2414 2101 2480 contraire
2130 2432 2268 2479 aux
2302 2414 2573 2502 Epitres
2605 2414 2653 2480 il
2686 2417 2851 2481 veut

1130 2528 1375 2592 Mettre
1412 2530 1479 2591 et
1512 2526 1786 2611 planter
1815 2544 1901 2591 en
1937 2544 2111 2591 nous
2146 2528 2371 2591 tontes
2407 2528 2639 2591 vertus
2673 2525 2780 2592 s'il
2816 2529 2978 2611 peut
3010 2525 3117 2610 (l).

997 2691 1169 2756 Cum
1201 2707 1367 2755 vero
1398 2688 1726 2755 universo
1767 2690 2037 2773 utrique
2086 2689 2329 2773 generi
2367 2688 2717 2778 propriam
2752 2688 2893 2755 vim
2931 2708 3013 2755 ac
3060 2693 3267 2756 natu-

996 2822 1146 2871 ram
1200 2803 1490 2870 reddere
1541 2804 1710 2884 vult,
1767 2803 2140 2871 discrimen
2191 2803 2538 2889 quoddam
2588 2803 2889 2888 attingit,
2945 2803 3126 2887 quod
3168 2804 3261 2870 ad

996 2916 1292 3001 primam
1322 2917 1796 2982 tantummodo
1826 2917 2127 3005 speciem
2161 2916 2427 2983 attinet.

1132 3081 1278 3146 Une
1303 3079 1572 3165 Epistre
1606 3079 1874 3145 s'escrit
1900 3097 2037 3145 aux
2067 3097 2448 3167 personnes
2480 3057 2826 3156 absentes,

1130 3195 1227 3260 La
1255 3194 1495 3279 Satyre
1521 3211 1597 3259 se
1632 3192 1732 3259 dit
1764 3211 1901 3259 aux
1933 3210 2314 3278 personnes
2348 3191 2727 3278 presentes.

996 3358 1339 3439 Ceterum,
1372 3357 1597 3423 Flacci
1621 3357 1967 3442 exemp10,
1997 3357 2345 3424 communi
2372 3374 2766 3424 sermonum
2790 3355 3261 3443 appellatione

996 3469 1338 3556 Epistolas
1373 3471 1767 3555 Satirasque
1808 3475 2196 3560 nuncupat:

1451 3684 1822 3697 .....
1929 3634 2009 3698 Et
2039 3633 2441 3721 pourroient
2475 3635 2922 3717 proprement

1130 3745 1350 3811 Soubs
1379 3743 1444 3810 le
1474 3762 1637 3811 nom
1668 3745 1754 3809 de
1782 3745 2105 3811 Sermons
2135 3763 2210 3811 so
2246 3763 2504 3828 ranger
2531 3744 2892 3811 aisement.

997 3912 1166 3979 Cum
1195 3910 1411 3995 igitur
1452 3911 1693 3976 eadem
1740 3911 1830 3976 sit
1866 3912 2229 3976 amborum
2267 3928 2555 3999 operum
2591 3909 2906 3990 materia,
2951 3910 3260 3977 restabat

995 4030 1071 4092 ut
1097 4025 1446 4092 extraneis
1476 4023 1989 4091 discriminibus
2019 4043 2102 4090 ea
2136 4023 2617 4106 distingueret.

1081 4237 1167 4302 V.
1206 4272 1296 4282 —
1324 4235 1423 4301 DE
1470 4252 1897 4302 Lssvmmssus
1946 4254 2334 4304 POEMATUM
2379 4254 2809 4303 GENEman.
2854 4273 2935 4283 -
2977 4236 3078 4303 De
3119 4233 3263 4325 epi-

992 4350 1397 4437 qrammate.
1447 4387 1538 4397 —
1584 4351 1683 4416 Ex
1725 4350 1991 4417 cunctis
2025 4350 2366 4417 leviorum
2416 4362 2809 4437 poematum
2844 4351 3247 4435 generibu8‚

996 4481 1154 4548 quae
1197 4463 1609 4530 Valkelinus
1655 4464 1731 4529 in·
1767 4467 1933 4530 Arte
1967 4465 2402 4550 aggred-itur,
2440 4465 2877 4552 epigramma
2909 4464 3131 4531 solum
3168 4483 3257 4531 ex

1001 4608 1142 4615 —aem
1150 4608 1336 4615 -..Μ

1047 4672 1110 4722 (1)
1136 4671 1244 4716 Lib.
1266 4671 1348 4717 m.
