3561 5729
1370 636 1727 696 -135-

421 780 642 844 totum
679 796 929 862 poema
961 778 1048 843 ad
1080 782 1344 843 certum
1378 777 1692 843 ordinem
1727 776 2023 860 redegit.
2054 780 2122 840 et
2155 792 2477 840 sermone
2512 793 2680 840 usus

424 894 551 972 est,
591 890 733 974 qui,
787 889 1103 974 quamvis
1145 910 1273 957 nec
1321 890 1588 959 Molerii
1625 889 1797 971 vim,
1860 887 2313 969 alacritatem,
2356 887 2675 969 nitorem,

423 1022 552 1070 nec
595 1004 865 1070 Racinii
916 1004 1359 1089 elegantiam,
1406 1003 1845 1085 suavitatem,
1882 1019 2210 1068 numeros
2242 1003 2677 1085 assequatur,

425 1118 799 1202 plurimum
832 1121 1066 1185 tamen
1116 1136 1203 1184 ex
1245 1118 1470 1185 solida
1511 1118 1809 1202 quadam
1853 1134 2158 1201 sanaque
2210 1116 2482 1182 dicendi
2517 1129 2681 1181 con—

376 1282 383 1289 .
423 1233 788 1300 suetudine
814 1234 1109 1322 pretium
1144 1233 1414 1319 accipit.

511 1345 614 1410 Ne
649 1344 820 1410 illud
860 1346 1137 1429 quidem
1195 1346 1649 1411 omittendum
1698 1349 1827 1426 est,
1884 1363 2276 1429 quanquam
2325 1345 2409 1409 ad
2458 1344 2678 1432 ipsam

423 1458 780 1543 utriusque
833 1460 1171 1544 poematis
1226 1458 1665 1525 collationem
1707 1478 1845 1525 non
1899 1460 2263 1544 pertineat,
2332 1457 2678 1524 Valkelini

423 1573 662 1637 Artem
693 1572 1034 1657 poeticam
1069 1572 1427 1637 minimum
1459 1572 2170 1658 momenti—habuisse3
2203 1591 2285 1638 eo
2306 1573 2488 1637 enim
2510 1575 2681 1637 tem-

425 1701 592 1767 pore
650 1685 835 1751 edita
882 1688 1054 1766 erat,
1109 1704 1245 1769 quo
1299 1685 1654 1751 Malherba
1697 1686 2133 1771 superiorum
2170 1694 2403 1751 vatum
2467 1703 2680 1773 opera

423 1796 858 1881 gloriamque
893 1796 1167 1881 penitus
1194 1798 1342 1881 jam
1361 1796 1793 1882 aboleverat;
1824 1798 2047 1864 serius
2081 1798 2152 1863 in
2189 1816 2433 1863 manus
2468 1796 2681 1863 homi·

423 1925 590 1972 num
630 1907 969 1990 pervenit,
1029 1926 1236 1990 quam
1291 1911 1367 1973 ut
1409 1926 1562 1973 eam
1611 1909 2092 1973 auctoritatem
2142 1908 2501 1996 potiretur,
2546 1925 2680 1991 qua

419 2024 602 2087 esset
645 2019 952 2110 profecto
1002 2039 1150 2103 usa,
1211 2022 1268 2088 si
1322 2026 1481 2086 ante
1530 2021 1898 2109 septimum
1953 2022 2295 2088 decimum
2348 2022 2681 2088 saeculum

396 2136 820 2202 emmisset.
855 2136 1174 2202 Ceterum
1204 2136 1618 2201 Valkelinus
1642 2154 1822 2202 unus
1844 2140 2109 2200 tantum
2144 2140 2293 2202 erat
2323 2155 2410 2201 ex
2444 2135 2679 2202 multis

420 2248 644 2336 poetis
678 2248 795 2332 qui
832 2248 1075 2313 eadem
1111 2251 1516 2333 tempestate
1568 2248 1949 2317 florebant:
2005 2266 2142 2314 non
2186 2267 2519 2332 magnum
2558 2267 2684 2334 per

419 2380 495 2430 se
529 2365 953 2429 momentum
992 2363 1223 2429 habet.
1267 2363 1372 2430 Ad
1423 2364 1577 2442 hoc,
1621 2362 1692 2428 in
1731 2365 1961 2444 aetate,
2004 2380 2142 2447 qua
2185 2362 2381 2443 vivit,
2418 2362 2680 2446 linguae

418 2476 785 2562 poesisque
815 2475 1180 2561 disciplina
1206 2476 1461 2542 totiens
1495 2479 1759 2542 mutata
1792 2480 1921 2557 est,
1953 2480 2029 2542 ut
2057 2475 2321 2542 nullam
2351 2475 2582 2559 legem
2609 2476 2680 2541 in

418 2591 828 2673 perpetuum
844 2587 1243 2654 duraturam
1264 2586 1662 2653 existimare
1680 2588 1828 2672 ipse
1854 2588 2094 2672 possit.
2119 2586 2394 2653 Bolaeus
2411 2591 2675 2668 contra,

419 2702 743 2768 maximis
776 2702 1004 2769 aetatis
1041 2720 1188 2769 suae
1210 2701 1432 2791 poetis
1465 2701 1981 2784 adnumeratuS‚
2009 2702 2094 2767 ab
2131 2701 2451 2768 omnibus
2491 2701 2678 2767 velut

418 2816 745 2883 Parnassi
782 2833 907 2882 rex
939 2815 1301 2897 salutatus»,
1339 2834 1464 2903 pro
1499 2816 1780 2883 oraculo
1832 2817 2147 2884 habetur.
2197 2819 2271 2883 In
2321 2816 2407 2883 iis
2445 2819 2678 2884 autem

386 2931 846 3015 temporibus
878 2930 1093 3014 viget,
1123 2930 1372 3015 quibus
1390 2949 1617 2997 sermo
1652 2931 2018 3019 poesisque
2052 2950 2095 2997 a
2123 2931 2337 3016 longa
2371 2931 2678 2996 omnium

417 3062 652 3111 rerum
685 3043 1201 3128 perturbatione
1234 3044 1514 3109 tandem
1555 3044 2017 3127 requiescunt.
2060 3047 2355 3129 Magnus
2382 3046 2470 3111 ab
2506 3046 2681 3110 inte-

418 3174 548 3241 gro
602 3155 1018 3222 saeculorum
1072 3156 1243 3223 ordo
1311 3160 1515 3223 natus
1553 3174 1706 3222 esse
1747 3159 1899 3241 jam
1941 3158 2264 3224 videtur:
2321 3159 2393 3223 in
2429 3157 2681 3224 litteris

417 3289 558 3337 non
610 3270 811 3336 aliter
875 3288 1082 3354 quam
1144 3269 1215 3335 in
1271 3269 1651 3359 Republica
1693 3273 1762 3335 et
1817 3270 1891 3335 in
1953 3271 2259 3337 moribus
2311 3270 2680 3356 disciplina

421 3402 643 3472 nuper
695 3382 1011 3449 restituta
1065 3382 1215 3462 fuit,
1276 3385 1369 3464 et,
1433 3401 1570 3467 qua
1603 3386 2012 3467 tempestate
2052 3386 2290 3449 Artem
2338 3384 2679 3467 poeticam

421 3499 617 3562 vates
645 3495 1078 3580 aggreditur,
1116 3513 1255 3560 non
1303 3495 1579 3579 ignorat
1607 3495 1737 3562 sibi
1784 3495 1916 3561 hoc
1968 3495 2248 3561 evenire
2293 3514 2567 3576 munuS,
2607 3500 2682 3561 ut

421 3610 609 3696 ipsas
656 3610 934 3693 gallicae
988 3609 1218 3694 poesis
1263 3609 1459 3694 leges
1503 3613 1764 3675 aeterno
1814 3614 2261 3676 monumento
2315 3611 2675 3676 inscribat.

421 3722 638 3788 Bolaei
680 3740 852 3810 opus
892 3740 1216 3806 suprema
1257 3723 1451 3806 quasi
1488 3722 1780 3810 poeticae
1827 3741 2098 3805 norma,
2154 3724 2385 3790 statim
2442 3735 2516 3788 ut
2556 3725 2682 3790 suit

424 3834 710 3916 editum,
755 3851 800 3900 a
865 3834 1128 3900 cunctis
1179 3834 1562 3918 aequalibus
1613 3835 1888 3902 vatibus
1932 3835 2317 3920 judicatum
2378 3841 2522 3919 est3
2583 3841 2676 3918 et,

421 3966 606 4014 nunc
639 3947 873 4029 etiam,
905 3949 1061 4032 post
1110 3946 1246 4012 duo
1298 3947 1581 4029 saecula,
1624 3948 1941 4031 quamvis
1985 3949 2199 4014 multa
2233 3949 2304 4014 in
2339 3948 2471 4014 hoc
2501 3967 2681 4036 prae-

424 4066 624 4148 cepta
679 4061 905 4128 aetatis
949 4064 1208 4127 nostrae
1254 4068 1480 4147 poetae
1524 4063 1940 4147 respuerint,
1979 4063 2282 4128 maximo
2336 4067 2569 4129 tamen
2609 4064 2679 4130 in

424 4174 690 4241 honore
742 4176 811 4240 et
847 4192 1118 4240 summa
1174 4175 1248 4240 in
1295 4175 1734 4241 observantia
1777 4194 1916 4241 non
1966 4176 2310 4242 immerito
2357 4177 2672 4243 habetur.

424 4287 1048 4372 Quotienscumque
1077 4286 1334 4371 gallica
1365 4290 1563 4354 Musa
1595 4288 1929 4356 audacius
1964 4289 2313 4355 exsultare
2359 4291 2675 4373 tentabit,

425 4402 700 4470 Bolaeus
752 4421 905 4469 eam
947 4403 1035 4468 ad
1093 4404 1344 4469 bonam
1398 4406 1696 4469 mentem
1741 4408 1807 4469 et
1851 4403 1938 4469 ad
1985 4407 2246 4470 rectum
2294 4423 2676 4489 sanumque

414 4516 754 4601 judicium
794 4515 1168 4581 revocabit.

513 4628 1103 4704 Quemadmodum
1152 4629 1370 4694 firmae
1413 4629 1801 4714 disciplinae
1854 4630 2105 4708 studio,
2152 4631 2388 4697 subtili
2421 4632 2668 4714 judicii
