3561 5729
1338 665 1655 726 ..51—

366 806 510 873 fere
573 807 643 873 in
700 827 808 890 e0,
852 809 1031 892 quod
1071 809 1254 894 apud
1304 809 1749 875 Pelletarium
1786 827 1923 875 non
1975 810 2331 876 inventum
2373 809 2609 876 fuerit.

366 919 623 984 Eadem
684 920 768 985 de
816 939 1134 988 sermone
1201 941 1280 988 ac
1345 922 1727 1004 vocabulis,
1799 922 1883 988 de
1939 921 2234 988 diversis
2297 941 2623 989 versuum

364 1033 867 1116 generibus‚de
902 1032 1223 1121 rhythmo
1253 1035 1771 1120 praecipiuntur.
1796 1035 1988 1109 Quod
2020 1035 2107 1099 ad
2143 1038 2359 1101 totam
2393 1035 2624 1121 poesis

368 1146 661 1214 formam
722 1151 1008 1233 spectat,
1090 1149 1260 1215 nihil
1321 1150 1455 1215 nisi
1518 1151 1589 1215 in
1642 1150 2041 1216 universum
2092 1169 2174 1215 ac
2230 1150 2624 1217 summatim

368 1260 771 1327 Ronsardus
798 1261 1029 1327 tradit.
1056 1263 1416 1327 Postrema
1439 1266 1671 1328 autem
1696 1261 2084 1350 compendii
2109 1280 2269 1347 pars
2295 1262 2363 1326 in
2396 1263 2630 1328 ortho-

370 1375 667 1461 graphia
699 1379 768 1441 et
803 1377 1261 1461 grammatica
1302 1380 1639 1443 versatur.
1679 1378 1834 1443 Non
1869 1377 2082 1462 igitur
2130 1377 2199 1442 in
2238 1377 2371 1443 hoc
2425 1377 2630 1443 insis-

367 1494 624 1575 temus3
661 1510 818 1557 cum
871 1494 1102 1558 autem
1140 1492 1296 1557 duae
1349 1487 1775 1559 Franciadis
1814 1490 2258 1578 praefationes
2311 1492 2395 1556 de
2429 1490 2628 1575 epico

371 1605 596 1672 solum
630 1605 936 1671 carmine
983 1605 1350 1689 disserant,
1393 1625 1537 1688 eas,
1586 1605 1656 1670 in
1689 1604 2063 1694 praesentia
2108 1604 2378 1685 saltem,
2419 1603 2629 1669 relin-

372 1739 662 1804 quemus
701 1719 812 1807 (l),
848 1724 922 1787 ut
956 1721 1293 1787 Laudunii
1324 1724 1559 1789 Artem
1594 1720 1845 1787 dehinc
1880 1719 2400 1804 aggrediamur,
2440 1737 2624 1802 quae,

372 1836 688 1920 quamvis
730 1835 1125 1901 incohatum
1162 1835 1427 1920 pridem
1489 1838 1558 1901 et
1600 1853 1798 1923 paene
1847 1834 2232 1900 confectum
2272 1832 2625 1898 Valkelini

376 1967 622 2034 poema
657 1968 738 2015 eo
768 1950 1077 2036 tempore
1124 1959 1331 2030 esset,
1365 1968 1522 2014 cum
1557 1948 1709 2037 ipsa
1741 1948 1927 2014 edita
1957 1947 2106 2027 fuit,
2148 1947 2360 2013 multo
2392 1951 2622 2012 tamen

375 2065 579 2128 antea
611 2062 898 2144 enotuit,
930 2081 1133 2147 quam
1162 2063 1234 2129 in
1262 2081 1506 2129 manus
1543 2062 1902 2129 hominum
1934 2062 2140 2147 hujus
2178 2080 2349 2147 opus
2384 2080 2633 2150 perve-

300 2174 313 2189 “
374 2175 576 2241 niret.

461 2290 708 2357 Paucis
734 2290 919 2357 enim
943 2290 1142 2358 annis
1177 2294 1538 2377 postquam
1591 2291 1929 2376 posterior
1976 2286 2397 2357 Fra-nciadis
2445 2308 2635 2377 prae-

376 2403 538 2469 fatio
574 2403 856 2486 vulgata
896 2407 1045 2470 erat
1071 2404 1183 2491 (2),
1227 2422 1425 2470 suam
1459 2404 1695 2470 Artem
1731 2402 2131 2470 Laudunius
2169 2402 2420 2484 emisit,
2474 2419 2633 2486 quae

371 2537 512 2584 non
539 2520 773 2603 magni
810 2520 1087 2604 quidem
1125 2525 1229 2587 est
1276 2521 1630 2603 momenti,
1669 2521 1790 2587 sed
1831 2522 2065 2586 tamen
2117 2518 2392 2584 silentio
2447 2537 2628 2608 prae-

375 2635 659 2700 termitti
702 2655 840 2701 non
877 2636 1103 2702 debet.
1140 2638 1215 2702 In
1250 2637 1550 2721 quinque
1582 2635 1798 2701 libros
1842 2638 2062 2701 totum
2092 2652 2265 2719 opus
2298 2634 2626 2701 distribu-

376 2750 521 2814 tum
562 2767 577 2816 ε
618 2765 907 2832 quorum
950 2748 1211 2833 primus
1240 2751 1308 2814 et
1342 2748 1684 2829 secundus
1723 2747 1810 2812 ad
1844 2747 2142 2836 priorem
2175 2746 2350 2812 sexti
2383 2745 2629 2811 decimi

374 2864 612 2931 saeculi
642 2869 907 2950 partem
937 2863 1059 2931 toti
1092 2863 1489 2950 respiciunt.
1532 2864 1787 2948 Vetera
1816 2862 1884 2928 in
1922 2861 2031 2929 his
2072 2861 2301 2948 poesis
2339 2880 2633 2945 genera,

377 2974 989 3065 rhythmorumque
1056 2978 1297 3043 modos
1354 2996 1435 3042 ac
1498 2975 1829 3058 rationeS,
1896 2975 2136 3060 quales
2188 2975 2502 3042 Cretinus
2566 2979 2634 3040 et

376 3092 841 3158 Meschinotus
877 3094 1403 3177 usurpaverant,
1459 3111 1730 3158 summo
1777 3090 2005 3157 studio
2037 3089 2436 3156 Laudunius
2476 3108 2637 3174 per-

376 3206 657 3288 tractat3
720 3206 810 3285 et,
873 3203 1190 3287 quamvis
1239 3202 1360 3268 illa
1404 3203 1792 3269 exolevisse
1839 3221 1979 3268 non
2037 3195 2448 3280 dissimulet,
2504 3200 2633 3266 hos

374 3338 541 3386 vero
571 3321 961 3404 argutiores
996 3324 1063 3386 et
1096 3320 1521 3406 spinosiores
1558 3321 1930 3386 arbitretur
1965 3317 2079 3405 (3),
2115 3318 2377 3385 Sibileti
2407 3318 2633 3403 potius

375 3452 579 3517 quam
638 3434 979 3501 Ronsardi
1027 3436 1317 3519 aeqnalis
1363 3454 1444 3501 ac
1475 3434 1855 3520 discipulus
1892 3434 1963 3499 in
2021 3433 2152 3499 hac
2201 3433 2385 3500 Artis
2440 3437 2632 3517 parte

379 3549 672 3615 videtur.
704 3550 1173 3632 Nonagesimo
1203 3551 1445 3616 octavo
1476 3549 1715 3616 saeculi
1745 3567 1928 3614 anno
1947 3548 2352 3631 ambiguum
2393 3547 2639 3631 rhyth-

379 3684 592 3747 mum,
654 3684 858 3749 quem
926 3665 1228 3731 Bellaius
1295 3664 1799 3765 quinquaginta
1855 3668 2014 3731 ante
2068 3663 2269 3730 annis
2334 3664 2638 3729 funditus

381 3780 763 3862 respuerat,
802 3795 926 3867 pro
968 3778 1539 3863 praestantissimo
1597 3781 1664 3844 et
1698 3778 2000 3844 maxime
2035 3777 2324 3862 egregio
2372 3775 2654 3870 Lauduf

382 3891 536 3957 nius
571 3891 829 3956 habere
874 3909 1010 3957 non
1053 3892 1319 3957 dubitat
1360 3895 1470 3979 (4).
1530 3893 1790 3959 Verum
1844 3893 1996 3959 haec
2044 3897 2112 3958 et
2145 3891 2314 3956 talia
2364 3909 2505 3956 non
2540 3889 2637 3954 illi

379 4002 539 4091 ipsi,
575 4003 696 4069 sed
737 4004 963 4089 potius
1007 4004 1289 4071 Sibileto
1339 4005 1778 4071 attribuenda
1819 4007 2002 4087 sunt,
2046 4006 2241 4088 cujus
2289 4006 2527 4069 Artem
2567 4002 2637 4068 in

378 4115 650 4183 duobus
684 4115 923 4205 primis
954 4118 1291 4203 capitibus
1309 4117 1638 4199 imitatur,
1664 4118 1874 4184 immo
1900 4117 2146 4184 iisdem
2182 4137 2370 4202 saepe
2405 4117 2638 4183 verbis

434 4382 498 4437 (1)
524 4382 584 4427 V.
606 4383 799 4428 Partem
819 4383 901 4440 1v,
921 4394 1029 4440 cap.
1052 4384 1111 4429 11.
1133 4406 1187 4417 —
1207 4385 1271 4427 Do
1295 4384 1426 4438 spico
1444 4385 1673 4428 car-mine.

436 4462 497 4517 (2)
526 4462 671 4507 Anno
700 4462 818 4508 1598.

436 4539 501 4593 (3)
528 4556 553 4580 α
567 4541 882 4587 Fascheuses
910 4544 960 4586 et
978 4541 1206 4588 difficiles
1223 4559 1262 4587 n.

438 4623 503 4678 (4)
530 4624 640 4668 «La
669 4625 910 4680 premiere
941 4626 1156 4679 (rithmo)
1188 4627 1300 4682 plus
1334 4625 1609 4671 excellente
1633 4627 1684 4669 et
1723 4625 1887 4669 moins
1925 4624 2088 4669 usitee
2121 4636 2245 4682 pour
2280 4629 2412 4671 estre
2452 4626 2498 4671 la
2531 4626 2645 4684 plus

386 4688 588 4735 difficile
607 4694 685 4734 est
707 4691 1017 4748 l’equivoque
1037 4707 1061 4732 n
1080 4693 1184 4744 (lib.
1207 4694 1223 4736 1
1231 4726 1242 4744 ,
1264 4704 1371 4749 cap.
1396 4693 1525 4743 XII).
