3561 5729
1326 1099 1838 1167 1NDEx

447 1618 814 1682 Pnooemuu
828 1666 2486 1688 .........................................
2663 1625 2691 1688 1

448 1775 781 1839 Pura-no
788 1821 2495 1844 ...........................................
2666 1779 2706 1840 6

449 1924 657 1987 Pam
696 1900 875 1988 ms.
913 1961 994 1971 -
1018 1924 1112 1986 De
1138 1924 1320 1986 Fabri
1343 1932 1405 1986 et
1432 1924 1707 1986 Gratiani
1733 1924 1933 1986 Pontii
1958 1925 2206 1987 Artibus
2234 1927 2500 2005 poeticis.
2668 1929 2708 1989 9

449 2080 753 2143 SECUNDA
795 2099 973 2144 PARS.
1006 2116 1088 2128 —
1114 2079 1207 2142 De
1235 2080 1481 2181 §ibileti
1507 2081 1655 2141 Arte
1682 2081 1911 2160 poetica
1944 2088 2004 2141 et
2030 2079 2286 2143 Fontani
2310 2083 2508 2143 libello

607 2188 703 2247 cui
736 2211 763 2243 α
791 2185 1109 2260 Quintilius
1138 2206 1348 2248 censor
1376 2210 1404 2244 n
1436 2188 1644 2249 titulus
1671 2194 1764 2247 est
1790 2187 2110 2265 inscriptus
2116 2234 2493 2252 ..........
2625 2187 2708 2251 26

447 2340 686 2402 Taum
728 2357 906 2405 mas.
958 2378 1037 2388 —
1073 2340 1167 2403 De
1200 2340 1527 2444 gaumarii,
1562 2341 1880 2417 Ronsardi,
1926 2340 2219 2403 Laudunii
2260 2340 2508 2403 Artibus

608 2445 853 2523 poeticis
874 2492 2495 2512 .........................................
2627 2445 2709 2507 44

450 2598 712 2673 Quam-A
754 2617 933 2662 uns.
964 2634 1047 2647 —
1074 2598 1166 2661 De
1193 2598 1498 2660 Valkelini
1523 2600 1672 2661 Arte
1698 2599 1927 2679 poetica
1961 2646 2335 2665 ..........
2343 2648 2376 2688 x.
2402 2650 2416 2664 .
2443 2650 2458 2665 .
2483 2651 2496 2665 .
2629 2601 2711 2662 54

609 2728 914 2791 Primum
944 2738 1154 2810 caput.
1186 2763 1267 2775 —
1295 2728 1449 2803 Quid
1473 2749 1550 2790 ex
1577 2730 1982 2808 superioribus
2005 2732 2080 2791 de
2106 2731 2256 2791 Arte
2281 2731 2510 2808 poetica

686 2836 922 2915 scriptis
955 2834 1308 2898 Valkolinus
1336 2837 1601 2898 hauserit
1636 2882 2494 2900 ......................
2627 2833 2708 2897 56

607 2966 970 3029 Secundum
1007 2974 1216 3047 caput.
1262 2999 1338 3013 —
1375 2964 1468 3026 De
1504 2973 1840 3045 poematum
1887 2966 2203 3045 gonoribus
2240 2983 2316 3026 ox
2353 2964 2509 3025 anti-

685 3071 909 3149 quitate
934 3071 1253 3148 assumptis
1275 3115 2494 3134 ...............................
2626 3067 2709 3130 72

614 3195 902 3257 Tertium
931 3203 1141 3276 caput.
1172 3229 1255 3242 —
1280 3193 1374 3255 De
1418 3193 1653 3256 Gallicae
1693 3195 1888 3273 poesis
1925 3195 2080 3272 apud
2124 3192 2507 3254 Valkelinum

667 3300 933 3360 ‘historia
954 3344 1648 3362 ..................
1667 3379 1674 3390 ¹
1674 3343 2495 3361 .....................
2628 3296 2709 3358 94

610 3431 932 3504 Quartum
961 3438 1172 3508 caput.
1209 3463 1290 3475 —
1327 3427 1628 3502 Quatenus
1669 3428 1964 3489 Ronsardi
1998 3428 2250 3504 vestigia
2281 3425 2509 3488 Valke·

686 3535 843 3594 linus
870 3534 931 3594 in
960 3534 1111 3593 Arte
1144 3533 1371 3610 poetica
1399 3538 1599 3592 servet
1605 3577 2495 3596 .......................
2593 3531 2709 3593 108

610 3664 924 3741 Quintum
952 3673 1163 3744 caput.
1194 3696 1277 3709 —
1306 3660 1662 3723 Valkelinus
1690 3669 1750 3722 ot
1775 3662 2013 3725 Bolaeus
2039 3663 2197 3723 inter
2219 3682 2283 3723 se
2311 3664 2509 3724 confe-

684 3777 916 3831 runtur.
953 3813 2492 3834 .......................................
2592 3767 2706 3831 124

759 4730 982 4776 Nanceii.
1006 4754 1059 4764 —
1078 4732 1153 4775 Ex
1176 4731 1310 4788 typis
1329 4731 1616 4776 Namoianoe
1633 4733 1849 4788 officina
1868 4745 1895 4778 a
1916 4732 2205 4780 Gssuuanro
2225 4733 2389 4778 recte.
