3561 5729
1369 655 1687 715 -15-

485 804 852 870 Molinetus
895 803 1017 868 illa
1061 802 1370 868 carmina
1405 801 1476 867 in
1519 802 1789 867 Sanctae
1835 805 2056 867 Annae
2104 800 2441 867 honorem
2470 818 2659 865 com-

394 917 610 1002 ponit,
648 934 806 1001 quae
841 916 958 982 vix
992 914 1306 998 intellegi
1341 916 1629 999 possunt
1671 930 1686 979 z

753 1140 897 1203 Ton
924 1156 1086 1204 nom
1122 1140 1227 1204 est
1254 1141 1451 1204 Anne
1480 1140 1548 1203 et
1582 1156 1669 1204 en
1697 1137 1871 1203 latin
1904 1139 2140 1220 Anna;

756 1254 927 1321 Dieu
959 1254 1455 1339 tout-puissant
1487 1253 1601 1338 qui
1626 1254 2006 1337 justement
2038 1251 2276 1318 t'aima

758 1371 965 1437 Veult
999 1371 1156 1455 qu'a
1182 1371 1413 1437 l'amie
1437 1372 1513 1437 tu
1544 1370 1726 1437 soies
1760 1386 2162 1455 comparee;

755 1484 1008 1558 Quatre
1034 1482 1376 1568 quartiers
1405 1502 1541 1549 une
1577 1484 1930 1566 tres-Juste
1955 1500 2136 1548 anne
2167 1499 2241 1567 a3

757 1598 1010 1674 Quatre
1043 1598 1280 1666 lettres
1314 1618 1402 1666 en
1434 1603 1555 1665 ton
1582 1617 1748 1665 nom
1777 1616 2052 1678 amena,
2087 1600 2216 1663 etc.

402 1824 678 1891 Cretino
707 1828 964 1907 autem,
1002 1825 1227 1892 amico
1262 1844 1413 1907 suo,
1450 1825 1627 1891 tales
1654 1842 1899 1892 versus
1927 1823 2159 1901 mittit,
2194 1822 2442 1907 quibus
2470 1840 2669 1887 suam

406 1942 553 2026 ipse
595 1942 894 2026 gloriam
933 1961 1073 2009 non
1112 1943 1319 2009 modo
1351 1943 1594 2026 jactat,
1637 1942 1761 2008 sed
1802 1943 2011 2007 etiam
2041 1956 2224 2005 novo
2259 1938 2429 2005 artis
2462 1937 2674 2003 mira-

406 2052 562 2120 culo
596 2057 810 2137 auget
845 2070 859 2119 :

542 2279 827 2346 Molinet
858 2280 1036 2346 n’est
1059 2297 1219 2346 sans
1251 2280 1479 2363 bruyt,
1515 2297 1605 2345 ne
1643 2296 1807 2344 sans
1841 2295 2002 2343 nom
2031 2294 2171 2343 non
2210 2292 2226 2342 ε
2345 2366 2351 2370 ¹

544 2392 601 2458 11
630 2411 672 2459 a
701 2410 829 2459 son
863 2410 989 2460 son
1023 2395 1115 2474 et,
1146 2410 1414 2459 comme
1442 2395 1517 2458 tu
1553 2391 1727 2474 voiS,
1765 2391 1969 2476 voix3

546 2507 682 2573 Son
716 2506 927 2573 doulx
961 2506 1147 2596 plaid
1183 2506 1388 2596 plaist
1422 2506 1682 2572 mieulx
1716 2525 1849 2590 que
1878 2523 1966 2570 ne
1997 2504 2160 2570 saict
2182 2506 2304 2570 ton
2333 2506 2536 2570 ton...

545 2621 677 2687 Car
702 2623 1042 2688 soubvent
1067 2624 1231 2688 vent
1258 2621 1449 2688 vient
1480 2640 1571 2687 au
1601 2621 1886 2686 Molinet
1916 2621 2054 2686 net.

501 2846 606 2913 Ad
651 2845 1011 2913 infantiam
1049 2846 1314 2935 poesim
1358 2845 1618 2913 retrahi
1664 2843 2027 2912 manifeste
2067 2861 2155 2910 ex
2198 2841 2308 2908 his
2341 2840 2682 2926 exemplis

414 2962 602 3048 patet
639 2976 653 3025 ε
692 2957 1086 3047 rhythmus,
1139 2960 1254 3044 qui
1296 2958 1772 3025 tantummodo
1808 2974 2053 3024 versus
2100 2957 2310 3022 finem
2352 2955 2519 3021 olim
2554 2973 2682 3021 no-

413 3075 705 3155 taverat,
744 3073 855 3139 cui
888 3091 1053 3140 vero
1083 3074 1251 3140 satis
1283 3092 1435 3140 esse
1466 3073 1750 3139 deberet
1779 3090 1985 3138 aures
2011 3070 2319 3137 modeste
2347 3069 2678 3151 mulcere,

416 3186 910 3255 immoderatus
945 3187 1183 3273 fragor
1212 3189 1362 3271 jam
1398 3187 1618 3254 factus
1653 3190 1780 3265 est,
1830 3186 1947 3271 qui
1979 3186 2330 3270 legentem
2366 3183 2684 3252 obtundit

416 3301 922 3385 verborumque
952 3300 1174 3389 ipsam
1201 3300 1640 3382 sententiam,
1678 3300 1737 3366 si
1773 3317 1911 3383 qua
1942 3299 2117 3365 forte
2150 3301 2277 3380 est,
2326 3298 2676 3384 opprimit.

504 3417 708 3482 Fabri
744 3417 877 3482 Ars
914 3415 1186 3504 poetica
1227 3434 1385 3481 cum
1418 3414 1550 3481 ista
1601 3416 1996 3480 nostrorum
2046 3416 2282 3480 vatum
2315 3413 2683 3479 ambitiosa

414 3530 802 3616 puerilique
841 3529 1218 3597 subtilitate
1270 3529 1544 3614 penitus
1588 3527 1934 3612 congruit.
1982 3526 2170 3593 Nihil
2217 3528 2290 3593 in
2333 3546 2441 3607 ea,
2499 3525 2684 3610 quod

415 3643 503 3709 ad
537 3661 650 3709 res
685 3644 871 3729 ipsas
906 3645 974 3708 et
1002 3660 1342 3709 summam
1378 3641 1610 3727 poesis
1640 3640 2003 3706 materiem
2035 3640 2417 3726 pertineat3
2454 3639 2684 3723 itaque

416 3774 555 3821 non
595 3755 846 3823 mirum
880 3759 982 3822 est
1017 3756 1075 3822 si
1116 3755 1307 3821 nulla
1345 3753 1707 3838 allegoriae
1750 3752 2010 3819 mentio
2044 3753 2121 3818 fit
2160 3768 2174 3818 :
2224 3755 2364 3817 tam
2408 3750 2686 3837 pervul-

419 3871 586 3951 gata
618 3870 767 3934 erat
803 3867 936 3934 ista
965 3867 1272 3933 omnium
1308 3869 1703 3955 poematum
1748 3864 2055 3947 farrago,
2089 3867 2163 3930 ut
2195 3863 2367 3929 nihil
2405 3881 2688 3952 prorsus

419 3982 505 4047 de
550 3982 671 4048 illa
700 3982 976 4048 tradere
1011 3982 1233 4047 Fabro
1279 3999 1451 4066 opus
1501 3983 1706 4047 esset.
1748 3981 1894 4046 Hoc
1937 3980 2142 4046 modo
2188 3979 2319 4045 sibi
2364 3979 2685 4067 proponit

422 4097 607 4163 Artis
627 4097 918 4181 poeticae
938 4100 1201 4178 auctor,
1228 4099 1301 4162 ut
1331 4114 1656 4162 versuum
1684 4095 2158 4161 faciendorum
2180 4094 2375 4178 leges
2401 4094 2679 4161 doceat:

420 4209 593 4276 nihil
638 4210 823 4275 enim
867 4209 1054 4275 aliud
1088 4209 1358 4294 jamdiu
1403 4213 1610 4295 poeta
1652 4212 1780 4290 est,
1833 4208 1965 4274 nisi
2010 4208 2453 4293 syllabarum.
2481 4227 2686 4275 sono-

423 4341 716 4407 rumque
761 4323 1016 4412 opifex.
1063 4323 1240 4389 Illud
1298 4322 1639 4408 imprimis
1677 4322 1862 4408 apud
1908 4323 2204 4388 Fabrum
2257 4322 2344 4388 ad
2397 4308 2688 4406 aequalis’

427 4438 655 4524 poesis
701 4437 843 4503 vim
894 4456 975 4503 ac
1025 4440 1343 4505 naturam
1401 4438 1795 4523 respondet,
1853 4437 2033 4521 quod
2082 4436 2250 4525 ipsis
2302 4436 2687 4503 carminum

426 4552 689 4637 regulis
722 4571 920 4619 suum
958 4570 1132 4637 opus
1165 4552 1691 4630 circumscribit,
1729 4551 2171 4634 divinamque
2201 4554 2438 4617 vatum
2465 4556 2685 4618 artem

426 4667 513 4732 ad
544 4667 856 4733 sedulam
888 4667 1131 4732 harum
1169 4667 1678 4733 observantiam
1710 4666 1989 4749 redigit.
