3561 5729
1992 670 2273 732 ...98-
2369 706 2385 718 .

1163 816 1534 882 D'Homere
1570 818 1639 881 et
1672 813 2039 882 d'Hesiode
2074 818 2300 882 estant
2331 816 2432 882 les
2467 817 2896 889 secretaireS.

1159 933 1600 1019 InterpreteS‚
1634 933 1955 997 conteurs
1989 931 2111 996 des
2145 929 2471 997 fabuleux
2501 932 2818 1000 misteres

1161 1047 1255 1112 De
1281 1065 1395 1112 ces
1428 1048 1664 1131 poetes
1693 1045 1898 1111 vieux
1931 1042 2037 1131 (1).

1026 1206 1356 1275 Veterum
1391 1209 1785 1294 poematum
1820 1225 2151 1293 personas
2185 1207 2479 1292 denique
2513 1227 2652 1275 non
2681 1208 2989 1295 ignorat:

1172 1423 1185 1437 .
1217 1422 1231 1436 .
1261 1424 1275 1437 .
1321 1372 1463 1437 Nos
1499 1372 1705 1438 vieux
1739 1371 2064 1438 Paladins
2091 1391 2352 1439 connus
2378 1392 2504 1458 par
2534 1375 2682 1440 tout
2710 1373 2774 1440 le
2809 1374 3061 1440 monde

1158 1485 1238 1550 Et
1266 1483 1368 1550 les
1399 1502 1617 1569 preux
1650 1484 2036 1551 chevaliers
2072 1485 2156 1551 de
2190 1488 2423 1551 nostre
2449 1484 2957 1574 Table-Ronde,

1157 1600 1258 1666 Du
1288 1599 1619 1686 prophete
1654 1598 1903 1664 Merlin
1931 1598 2032 1665 les
2062 1598 2232 1665 forts
2266 1599 2829 1682 enchantemens,

1156 1712 1259 1798 Et)
1292 1713 1548 1800 Turpin
1580 1713 2101 1798 l’archevesque
2136 1732 2224 1779 en
2254 1732 2365 1781 ses
2394 1717 2953 1782 racontemens,
2983 1769 2996 1783 .
3040 1728 3048 1733 ⁴
3130 1730 3137 1735 ’

1156 1829 1403 1895 Nostre
1433 1828 1716 1896 Amadis
1747 1830 1833 1894 de
1867 1829 2082 1895 Gaule
2119 1849 2207 1895 en
2233 1829 2396 1896 vieil
2432 1831 2676 1896 Picard
2709 1831 2907 1913 rime,
2939 1835 3068 1899 etc,
3105 1830 3215 1918 (2).

1112 1991 1286 2055 Dum
1320 2008 1484 2055 vero
1514 1989 1784 2074 epicum
1820 1980 2042 2074 genus
2074 2009 2286 2076 supra
2325 1992 2593 2075 Ligeris
2628 1992 2847 2077 ripam
2883 1992 3272 2080 praesertim

1021 2104 1330 2187 vigebat,
1358 2103 1575 2187 lyrica
1601 2102 1940 2188 imprimis
1971 2104 2278 2169 carmina
2299 2104 2616 2170 colebant
2640 2104 3027 2169 Provinciae
3052 2108 3270 2171 vates.

1025 2217 1270 2283 Omnia
1316 2236 1578 2301 genera
1632 2237 1787 2302 quae
1827 2218 1898 2283 in
1943 2236 2182 2284 eorum
2216 2237 2345 2284 usu
2383 2218 2605 2302 posita
2656 2222 2853 2285 erant
2884 2218 3075 2284 novit
3117 2219 3278 2284 Val-

1024 2332 1299 2398 kelinus
1344 2337 1412 2397 et
1462 2332 1673 2398 refert
1719 2331 1825 2417 (3).
1893 2333 2197 2406 Quorum
2247 2333 2465 2398 altera
2510 2352 2632 2417 per
2681 2332 2961 2398 nomina
3011 2336 3274 2400 tantum

1022 2447 1235 2516 citare
1266 2448 1432 2513 satis
1465 2447 1702 2531 habet;
1741 2446 1960 2511 altera
1986 2451 2217 2512 autem
2241 2447 2567 2512 attentius
2592 2447 2888 2535 inspicit.
2920 2449 2992 2511 In
3016 2447 3275 2513 sonetto

1023 2562 1141 2627 diu
1201 2565 1532 2641 moratur,
1593 2578 1727 2643 quo
1788 2560 2044 2626 nullum
2107 2568 2379 2646 poema,
2426 2579 2469 2625 a
2524 2560 2784 2626 Latinis
2848 2560 2956 2626 vel
3013 2561 3272 2627 Graecis

1021 2680 1476 2761 assumptum,
1559 2664 1907 2761 Valkelini
1986 2677 2295 2759 tempore
2389 2675 2866 2740 vehementius
2957 2674 3265 2742 florebat.

1021 2790 1295 2856 Priscos
1331 2807 1570 2854 omnes
1605 2790 1844 2872 poetas
1877 2787 1992 2871 qui
2029 2788 2099 2851 in
2129 2786 2259 2853 hoc
2285 2806 2544 2872 genere
2578 2787 2967 2869 valuerunt,
3008 2808 3274 2854 memo-

1022 2910 1128 2970 rat
1163 2903 1278 2992 (4).
1319 2907 1478 2969 Mox
1502 2922 1694 2985 vero,
1728 2903 1799 2967 in
1835 2902 2215 2986 posteriore
2250 2903 2498 2968 mediae
2537 2903 2762 2968 aetatis
2792 2906 3010 2987 parte,
3048 2904 3269 2969 sonet-

1022 3021 1167 3085 tu‘m
1199 3018 1528 3084 exolescit
1555 3021 1621 3082 et
1644 3035 1913 3082 summa
1934 3016 2228 3100 denique
2260 3017 2608 3082 oblivione
2640 3036 3042 3102 oppressum
3056 3019 3267 3101 jacet,

1022 3131 1242 3196 donec
1290 3129 1612 3195 Mellinus
1660 3128 2105 3211 Sangelasius
2143 3127 2211 3192 id
2256 3129 2343 3192 ab
2393 3128 2583 3193 Italis
2625 3130 2891 3212 repetat
2938 3133 3007 3193 et
3051 3129 3268 3216 patrio

1020 3245 1265 3312 Galliae
1318 3243 1498 3324 solo,
1559 3241 1840 3330 proprio
1909 3240 2105 3324 quasi
2162 3240 2538 3323 domiciliO,
2601 3227 2940 3307 restituatss
3014 3242 3258 3308 Nullus

1021 3357 1270 3423 dehinc
1303 3357 1482 3422 inter
1506 3354 1812 3438 aequales
1848 3356 2085 3438 poetas
2108 3354 2392 3432 exstitit,
2422 3354 2536 3437 qui
2569 3355 2640 3419 in
2676 3355 2807 3420 hoc
2836 3373 3096 3438 genere
3127 3373 3260 3421 non

1018 3470 1309 3536 multum
1343 3472 1656 3535 versatus
1687 3467 1924 3533 tuerit:
1954 3470 2236 3533 cunctos
2265 3467 2674 3533 Valkelinus
2708 3472 3050 3551 recenset‚·
3086 3469 3266 3534 Ron-

1019 3588 1324 3667 sardum‚
1363 3587 1558 3669 cujus
1594 3603 1728 3650 vox

1152 3750 1288 3814 Par
1316 3749 1560 3814 (lessus
1589 3746 1652 3811 le
1677 3746 1943 3812 Toscan
1976 3747 2086 3812 sut
2114 3744 2273 3811 bien
2307 3763 2382 3811 se
2420 3744 2589 3811 faire
2625 3746 2956 3812 entendre
2994 3745 3077 3833 (5)

1019 3862 1336 3945 Bai‘fium‚
1365 3861 1480 3945 qui

1152 4026 1257 4091 Fit
1290 4027 1522 4090 nostre
1551 4022 1869 4106 vulgaire
1904 4026 1972 4089 et
2004 4021 2160 4111 plus
2193 4024 2317 4089 bas
2356 4024 2424 4089 et
2459 4021 2615 4107 plus
2650 4023 2823 4089 dous
2858 4020 2967 4108 (6);

1069 4247 1131 4302 (ι)
1157 4247 1263 4292 Lib.
1282 4247 1325 4291 1.

1069 4327 1132 4381 (2)
1159 4327 1266 4371 Lib.
1287 4327 1351 4370 11.

1068 4406 1131 4459 (3)
1170 4406 1455 4459 Chariten-ele,
1481 4405 1758 4458 aerummis,
1802 4409 2014 4460 tanqum,
2045 4405 2332 4458 posteo-elles,
2373 4405 2577 4458 deporta,
2614 4404 2787 4458 enulae,
2834 4409 3037 4459 connect,
3077 4406 3267 4456 trt'oleu,

1018 4474 1126 4525 lais,
1150 4472 1357 4524 virecais,
1379 4471 1653 4521 villaticum,
1666 4470 1789 4524 jcuoe
1803 4471 1976 4523 partis,
1995 4475 2235 4523 sorncuae,
2258 4473 2353 4514 etc.

1068 4551 1129 4603 (4)
1158 4551 1429 4604 Rembaud,
1451 4549 1713 4604 Foulqucs,
1737 4548 1977 4598 Remond.
1999 4550 2222 4602 Hughes,
2243 4550 2458 4593 Arnaud.

1067 4629 1128 4683 (5)
1158 4629 1264 4673 Lib.
1285 4628 1325 4672 1.

1067 4710 1129 4761 (6)
1158 4708 1279 4749 unu.
