3561 5729
1928 560 2247 621 ..90-

948 702 1205 787 junxit.
1247 704 1323 769 In
1358 702 1583 791 primo
1626 702 1833 785 libre,
1880 707 2243 791 postquam
2289 703 2376 770 de
2411 702 2628 769 variis
2664 705 2999 788 cujusque
3039 701 3225 768 vatis

961 815 1211 882 officiis
1245 814 1597 895 disseruit,
1637 814 1746 881 his
1780 814 1901 881 illa
1936 815 2129 881 addit
2161 832 2177 882 :

1005 973 1012 977 ’
1098 973 1267 1041 L'un
1305 974 1428 1041 fait
1455 994 1589 1041 une
1626 979 1858 1060 satyre
1888 979 1955 1041 et
1988 975 2233 1042 l'autre
2271 994 2406 1042 une
2440 975 2678 1060 idyllie

1097 1090 1222 1165 Qui
1239 1091 1615 1174 Jusqu'aux
1645 1090 1850 1175 petits
1879 1090 2123 1157 chants
2147 1090 2269 1156 des
2304 1094 2620 1176 pasteurs
2648 1086 3017 1158 s'lzumilie.

963 1258 1158 1355 Hanc
1191 1255 1415 1341 ipsam
1449 1274 1691 1323 vocem
1725 1256 2000 1324 Bolaeus
2046 1255 2116 1322 in
2151 1259 2318 1323 Arte
2365 1256 2638 1342 poetica
2671 1256 2897 1323 eidem
2943 1272 3236 1341 poema-

962 1371 1108 1435 tum
1143 1368 1384 1450 generi
1420 1372 1612 1454 aptat
1651 1384 1665 1435 :

1096 1527 1308 1610 Telle,
1352 1527 1650 1593 aimable
1685 1546 1770 1593 en
1803 1546 1931 1594 son
1964 1527 2093 1609 air,
2132 1528 2306 1594 mais
2340 1524 2609 1594 hmnble
2641 1528 2815 1593 dans
2859 1545 2986 1594 son
3022 1527 3231 1611 style,

1098 1641 1253 1708 Doit
1279 1640 1538 1708 eclater
1571 1658 1733 1708 sans
1766 1660 2018 1730 pompe
2042 1660 2178 1708 une
2216 1640 2536 1726 elegante
2570 1641 2783 1727 idylle
2808 1640 2922 1728 (1).

967 1805 1034 1872 Si
1066 1824 1150 1872 ex
1187 1823 1325 1872 uno
1362 1806 1578 1872 verbo
1613 1806 1776 1890 quid
1822 1807 1906 1872 de
1956 1806 2286 1892 pastorali
2322 1808 2638 1894 poemate
2686 1806 2938 1873 sentiat
2970 1806 3240 1873 Valke-

967 1917 1150 1983 linus
1175 1916 1494 2001 judicare
1528 1918 1793 1999 liceret,
1833 1917 1965 1984 dici
2003 1918 2292 1985 fortasse
2325 1923 2559 2004 posset
2592 1938 2749 1985 eum
2780 1918 3237 1986 sinceriorem

966 2030 1278 2096 veritatis
1327 2028 1630 2096 colorem
1674 2030 1746 2095 in
1773 2030 1909 2098 hoc
1948 2050 2206 2115 genere
2246 2032 2702 2098 desiderasse.
2738 2033 2844 2098 Ad
2877 2031 3241 2098 levissima

966 2144 1153 2210 enim
1200 2146 1552 2232 pastorum
1599 2144 1909 2211 carmina
1942 2146 2388 2227 descendere,
2434 2145 2597 2230 quid
2641 2148 2746 2212 est
2782 2145 2973 2211 aliud
3024 2163 3241 2229 quam

965 2256 1266 2322 fucatam
1329 2255 1636 2344 priorum
1688 2260 2053 2342 poetarum
2116 2258 2537 2343 elegantiam
2592 2259 2961 2344 repudiare
3015 2261 3086 2324 et
3145 2258 3240 2325 ad

965 2368 1383 2436 rusticorum
1426 2388 1695 2435 morum
1741 2369 2253 2456 simplicitatem
2306 2371 2623 2438 bucolica
2668 2372 3051 2438 revocare?
3101 2370 3240 2437 Sed

966 2484 1119 2568 ipsa
1158 2482 1508 2548 Valkelini
1546 2483 1615 2548 in
1645 2484 1888 2550 eodem
1922 2504 2182 2569 genere
2213 2503 2426 2571 opera
2449 2503 2588 2550 non
2628 2485 2886 2566 sinunt,
2927 2487 3001 2551 ut
3035 2483 3240 2551 illum

968 2597 1333 2664 credamus
1370 2597 1510 2662 alia
1560 2597 1645 2663 de
1697 2597 1960 2683 eclogis
2005 2617 2087 2665 ac
2134 2602 2373 2684 poetas
2414 2598 2723 2683 aequales
2774 2597 3103 2664 sensisse.
3156 2598 3240 2662 In

967 2710 1078 2778 his
1135 2710 1582 2792 carminibus,
1638 2730 1793 2795 quae
1842 2713 2274 2796 undeviginti
2323 2731 2542 2809 annos
2598 2715 2804 2779 natus
2855 2708 3075 2777 edidit
3110 2709 3233 2795 (2),

967 2822 1363 2909 politissimi
1404 2824 1985 2909 urbanissimique
2021 2828 2335 2912 pastores
2368 2826 2818 2893 Normanniae
2847 2824 3065 2893 silvas
3095 2823 3240 2892 ele-

968 2935 1399 3020 gantissimis
1442 2937 1760 3004 versibus
1802 2941 2151 3006 resonant.
2201 2940 2553 3006 Mittamus
2598 2959 2765 3006 vero
2813 2939 3041 3025 prima
3082 2939 3240 3005 haec

956 3047 1344 3132 juventutis
1377 3052 1722 3132 poemata,
1765 3067 1923 3115 cum
1960 3067 2069 3130 ea,
2119 3050 2435 3134 quamvis
2470 3067 2797 3134 magnam
2832 3047 3240 3114 admiratio-

968 3178 1129 3225 nem
1189 3159 1673 3241 concitassent,
1738 3162 2043 3228 omnium
2101 3181 2389 3248 operum
2448 3181 2777 3251 corpore,
2848 3161 3032 3246 quod
3084 3161 3236 3247 ipse

968 3272 1206 3357 quinto
1225 3266 1514 3358 'septimi
1550 3273 1799 3340 decimi
1840 3275 2077 3341 saeculi
2113 3294 2295 3341 anno
2326 3276 2565 3357 edidit,
2607 3275 2804 3359 quasi
2841 3276 3233 3359 paeniteret,

967 3387 1362 3453 excluserit.
1402 3387 1594 3462 Quod
1632 3388 1719 3453 ad
1753 3384 2021 3475 Idyllia
2051 3392 2338 3473 spectat,
2363 3389 2828 3478 pastoralibus
2858 3387 3237 3473 aequalium

969 3502 1206 3564 vatum
1238 3497 1576 3582 poematis
1610 3498 1819 3582 longe
1859 3502 2213 3584 praestant.
2250 3501 2403 3584 Ipse
2434 3500 2504 3565 in
2540 3499 2952 3585 praefatione
2986 3515 3002 3565 ε
3060 3521 3093 3561 ε(
3146 3498 3240 3566 Ce

968 3630 1133 3678 nom
1171 3610 1505 3695 d’idyllie,
1553 3610 1799 3693 inquit,
1858 3612 1997 3677 m'a
2047 3612 2309 3679 semble
2357 3632 2432 3679 se
2486 3615 2852 3699 rapporter
2900 3614 3140 3680 mieux
3197 3614 3240 3678 a

970 3744 1120 3792 mes
1157 3724 1496 3804 desseins,
1530 3723 1836 3789 d’autant
1865 3724 2028 3808 qu'il
2057 3745 2142 3792 ne
2173 3727 2448 3811 signifie
2470 3729 2538 3793 et
2562 3746 2648 3794 ne
2672 3726 3075 3813 represente
3106 3746 3239 3812 que

970 3840 1283 3905 diverses
1335 3835 1582 3921 petites
1638 3835 1907 3919 images
1952 3841 2021 3904 et
2070 3859 2407 3923 gravures
2448 3859 2536 3906 en
2582 3841 2653 3906 la
2697 3841 3101 3907 semblance
3153 3840 3238 3906 de

972 3951 1184 4018 celles
1218 3950 1425 4034 qu'on
1472 3966 1688 4032 grave
1718 3966 1856 4015 aux
1888 3950 2089 4036 lapis,
2123 3971 2260 4020 aux
2303 3972 2618 4038 gemmes
2652 3957 2721 4020 et
2766 3953 3234 4036 calcedoineS,
3357 3976 3367 3984 ·

975 4081 1151 4148 pour
1180 4061 1403 4128 servir
1436 4057 1863 4144 quelquefois
1897 4062 1983 4127 de
2014 4065 2274 4131 cachet.
2319 4090 2350 4127 »
2389 4068 2555 4132 Haec
2589 4066 2904 4133 definitio
2935 4067 3026 4134 ad
3063 4066 3240 4152 idyl-

974 4175 1144 4240 lium
1180 4172 1503 4262 pertinet,
1540 4171 1742 4254 quale
1777 4181 2304 4258 composuerant
2343 4182 2645 4264 veteres;
2690 4181 2760 4245 et
2788 4179 2944 4264 ipsa
2978 4180 3240 4246 Valke·

975 4285 1099 4350 lini
1137 4282 1447 4349 carmina
1477 4298 1865 4365 graecarum
1900 4283 2297 4369 eclogarum
2327 4289 2613 4357 odorem
2647 4291 3001 4378 quendam
3036 4291 3241 4360 redo-

958 4532 962 4537 *
1029 4516 1094 4570 (1)
1122 4515 1230 4561 Lib.
1251 4516 1312 4561 11.

1029 4595 1094 4651 (ἵ)
1122 4594 1421 4648 Forata-ion,
