3561 5729
1827 635 2146 696 -58-

860 779 1025 865 quin
1052 778 1300 845 Vidam
1334 779 1559 867 ipsum
1591 778 2002 847 Valkelinus
2027 779 2353 847 imitetur.
2394 782 2472 847 In
2504 780 2709 866 primi
2732 780 2892 848 libri
2923 780 3118 849 initio

860 910 1105 960 versus
1139 892 1321 958 infra
1344 891 1546 958 relati
1586 907 1601 957 ε

1040 1043 1297 1124 MuseS‚
1335 1039 1443 1109 s'il
1478 1047 1584 1110 est
1615 1043 1875 1128 permis
1908 1041 2351 1129 d’enseigner
2381 1044 2537 1112 l'art
2567 1044 2691 1113 des
2722 1063 2884 1112 vers

1037 1157 1122 1221 Et
1154 1158 1462 1222 montrer
1494 1155 1853 1223 d’Helicon
1885 1156 1988 1223 les
2022 1157 2238 1224 saints
2272 1156 2498 1226 ecrins
2527 1177 2862 1226 ouvers...

861 1308 1014 1375 haec
1044 1307 1246 1374 Vidae
1274 1306 1593 1401 carmina·
1618 1309 1972 1389 revocant,
2004 1326 2092 1374 ex
2126 1307 2376 1392 quibus
2407 1310 2629 1374 totum
2662 1326 2836 1394 opus
2867 1306 3122 1393 princi-

863 1425 1055 1512 pium
1089 1424 1303 1493 sumit
1339 1440 1354 1490 :

1085 1576 1184 1643 Sit
1217 1576 1322 1643 sas
1355 1578 1589 1643 vestra
1621 1575 1793 1641 mihi
1823 1573 2115 1660 vulgare
2147 1593 2403 1642 arcana
2430 1593 2555 1664 per
2591 1574 2856 1657 orbem,

1084 1688 1421 1770 PierideS‚
1456 1688 1867 1775 penitusque
1896 1706 2131 1755 sacros
2164 1687 2523 1755 recludere
2548 1687 2793 1754 sontes.

863 1837 1055 1928 Epici
1084 1837 1422 1925 poematis
1458 1837 1718 1922 image,
1752 1856 1961 1923 quam
1989 1837 2213 1924 primo
2244 1837 2317 1903 in
2350 1838 2528 1905 libro
2560 1814 2970 1904 Valkelinus
3005 1856 3123 1903 ex-

864 1951 1125 2040 primit,
1172 1951 1589 2017 lineamenta
1634 1951 1956 2035 quaedam
2004 1969 2049 2016 a
2097 1950 2302 2032 Vida,
2353 1950 2668 2035 quamvis
2710 1950 2865 2035 ipsa
2906 1950 3121 2016 multo

864 2065 1143 2149 longius
1174 2067 1429 2154 pateat,
1462 2064 1845 2131 arcessivit.
1883 2065 2172 2131 Secundi
2216 2064 2376 2130 libri
2408 2082 2650 2130 versus
2685 2079 2700 2130 ε

951 2219 1031 2284 Et
1068 2236 1335 2284 comme
1369 2236 1544 2284 nous
1576 2236 1841 2302 voyons
1875 2202 2233 2302 beaucoup
2267 2217 2588 2283 d'herbes
2623 2217 2935 2301 plantees

952 2330 1125 2396 D'un
1154 2332 1291 2397 bon
1325 2330 1575 2396 terroir
1609 2348 1696 2396 en
1726 2330 1999 2410 l'autre‚
2030 2332 2098 2396 et
2128 2329 2231 2396 les
2264 2330 2518 2413 greffes
2549 2331 2787 2395 entees

954 2444 1208 2510 Dessus
1244 2433 1349 2508 un'
1368 2447 1565 2510 autre
1596 2443 1752 2527 pied
1786 2443 2119 2509 derechef
2143 2442 2419 2507 revenit·

953 2557 1037 2623 Et
1065 2558 1149 2624 de
1176 2557 1329 2625 leur
1353 2558 1655 2646 premier
1686 2560 1884 2623 tronc
1913 2557 2162 2641 perdre
2191 2556 2256 2622 le
2282 2556 2635 2637 souvenir‚

953 2674 1127 2739 Tout
1160 2673 1244 2738 de
1279 2691 1541 2739 mesme
1576 2672 1677 2738 les
1705 2672 1929 2752 traitS,
1966 2670 2069 2738 les
2104 2671 2392 2756 phrases
2427 2674 2496 2737 et
2523 2670 2592 2736 la
2620 2686 2856 2754 grace,

954 2789 1258 2853 Prenant
1291 2786 1496 2853 d'une
1530 2788 1725 2852 autre
1759 2784 2016 2870 langue
2047 2804 2134 2851 en
2162 2788 2394 2851 nostre
2419 2785 2675 2870 langue
2710 2784 2932 2874 place,

955 2903 1067 2985 S'y
1090 2901 1414 2985 joignent
1447 2901 1802 2968 tellement
1834 2900 2040 2984 qu'on
2075 2900 2281 2972 diroit
2315 2900 2746 2985 quelquesois

955 3014 1177 3089 Qu'un
1210 3014 1373 3079 trait
1405 3013 1575 3079 latin
1607 3031 1696 3079 ou
1725 3031 1894 3096 grec
1927 3016 2032 3079 est
2059 3013 2329 3079 naturel
2362 3012 2744 3095 francois...

865 3163 1051 3230 hunc
1085 3163 1285 3228 Vidae
1327 3162 1555 3229 locum
1594 3162 1956 3229 manifeste
1991 3163 2298 3229 referunt
2331 3178 2347 3228 ε

1086 3318 1223 3385 Ceu
1260 3322 1435 3401 sata,
1474 3321 1871 3402 mutatoque
1901 3316 2050 3385 solo
2086 3316 2356 3384 felicius
2383 3315 2546 3382 olim

1088 3432 1447 3499 Cernimus
1477 3432 1563 3497 ad
1599 3431 1848 3498 caelum
1884 3431 2252 3497 translatas
2282 3449 2571 3515 surgere
2607 3430 2904 3516 plantas,

1086 3547 1302 3611 Poma
1334 3527 1605 3630 quoque
1634 3546 1872 3612 utilius
1906 3563 2110 3612 sucos
2144 3544 2357 3611 oblita
2386 3543 2653 3630 priores

1088 3660 1539 3742 Proveniunt,
1573 3662 1702 3725 etc.
1735 3656 1850 3745 (1).

864 3808 1237 3873 Poetarum
1257 3805 1673 3891 inaequalem
1694 3822 1943 3870 venam
1968 3807 2492 3890 comparaverat
2515 3803 2727 3870 Italus
2753 3807 2943 3869 vates
2966 3822 3127 3869 >cum

869 3919 1060 3987 fluvii
1097 3937 1303 3986 cursu
1337 3934 1352 3984 :

1005 4059 1356 4124 Interdum
1390 4059 1456 4123 et
1491 4056 1685 4122 silvis
1713 4056 1995 4123 frondes
2024 4066 2094 4122 et.
2125 4055 2428 4122 sontibus
2459 4055 2711 4122 humor

1002 4174 1283 4251 Desunt,
1321 4189 1450 4237 nec
1481 4170 1682 4237 victis
1710 4189 1988 4260 semper
2020 4189 2192 4238 cava
2225 4170 2509 4237 flumina
2541 4170 2712 4256 ripis

1002 4286 1218 4351 Plena
1248 4284 1490 4367 fluunt,
1523 4303 1651 4352 nec
1679 4303 1955 4374 semper
1987 4303 2198 4370 agros
2223 4303 2345 4350 ver
2383 4283 2608 4369 pingit
2631 4285 2947 4370 apricos:

1001 4402 1163 4467 Sors
1200 4400 1442 4466 eadem
1476 4400 1758 4466 incertis
1793 4400 2133 4484 contingit
2164 4418 2351 4485 saepe
2386 4400 2690 4485 poetis...
2726 4398 2833 4487 (2).

920 4599 982 4653 (l)
1011 4600 1152 4644 Vidn.
1179 4602 1274 4643 Ars
1291 4607 1432 4656 poet„
1457 4602 1542 4656 111,
1560 4602 1656 4646 231.

922 4674 985 4730 (2)
1012 4676 1158 4721 vida.
1177 4678 1274 4720 An
1290 4682 1430 4732 poet„
1452 4678 1510 4732 11,
1530 4677 1624 4723 410.
