3561 5729
1941 605 2298 667 —100—

1070 751 1240 815 Tum
1293 768 1456 815 vero
1492 749 1692 815 docet
1731 750 2075 834 quomodo
2124 750 2194 816 in
2229 752 2594 819 cantilenae
2640 755 2866 821 locum
2923 758 3057 823 oda
3091 759 3243 825 suf-

984 859 1162 927 fecta
1186 860 1310 927 sit:

1112 1016 1205 1080 Le
1237 1016 1461 1099 temps
1495 1014 1610 1098 qui
1646 1016 1794 1081 tout
1823 1016 1993 1101 polit
2023 1017 2246 1083 rendit
2276 1018 2517 1103 depuis
2544 1018 2763 1107 polies

1109 1130 1204 1194 La
1228 1146 1438 1212 grace
1473 1131 1540 1195 et
1567 1127 1637 1194 la
1660 1130 1966 1195 douceur
1999 1130 2084 1197 de
2119 1149 2234 1197 ces
2269 1131 2612 1198 chansons
2635 1133 2873 1213 jolies.
2904 1184 2917 1199 .
2949 1184 2964 1199 .

1107 1243 1306 1324 Mais,
1349 1242 1390 1307 a
1420 1242 1568 1308 dire
1599 1243 1662 1309 le
1697 1261 1894 1327 vray,
1932 1243 2001 1308 la
2034 1244 2294 1310 France
2324 1244 2510 1311 n'eut
2527 1246 2787 1327 jamais

1107 1358 1213 1422 Un
1243 1375 1446 1441 repos
1480 1374 1672 1422 assez
1699 1355 1867 1439 long
1902 1374 2073 1441 pour
2099 1356 2290 1438 jouir
2325 1357 2411 1423 de
2447 1359 2515 1424 la
2543 1359 2729 1449 paix.

1107 1471 1203 1535 La
1236 1468 1486 1536 misere
1519 1472 1829 1555 toujours
1858 1489 1937 1536 sa
1966 1470 2274 1537 tristasse
2305 1490 2347 1537 a
2384 1471 2641 1540 meslee

1104 1586 1293 1648 Avec
1316 1581 1386 1648 la
1413 1582 1818 1667 gaillardise
1855 1586 1945 1651 ou
1976 1584 2108 1650 elle
2139 1587 2243 1650 est
2275 1583 2606 1674 appelee3

1103 1697 1485 1763 Toutest'ois
1518 1697 1790 1763 imitant
1823 1700 1970 1763 tant
2002 1698 2253 1783 qu'elle
2284 1702 2447 1784 peut
2475 1700 2579 1767 les
2613 1701 2842 1769 vieuX.

1104 1811 1249 1877 Elle
1282 1813 1453 1878 tient
1485 1830 1623 1877 aux
1645 1812 2008 1878 ¹malheurs
2037 1831 2164 1879 son
2194 1831 2497 1899 courage
2521 1817 2811 1901 joyeux‚

1105 1926 1187 1992 Et
1213 1943 1388 1992 nous
1417 1944 1461 1992 a
1491 1925 1775 1992 ramene
1808 1927 1891 1993 de
1923 1926 1991 1992 la
2020 1926 2169 2011 lyre
2202 1947 2463 1995 cornue

1108 2047 1259 2137 (Qui
1297 2043 1397 2110 fut
1428 2044 1858 2127 auparavant
1884 2061 2022 2109 aux
2050 2045 2321 2111 nostres
2351 2044 2717 2132 inconnue)

1103 2162 1231 2225 Les
1261 2157 1503 2223 chants
1533 2157 1601 2221 et
1633 2154 1734 2221 les
1762 2154 2050 2220 accords
2084 2154 2199 2238 qui
2235 2174 2407 2222 vous
2442 2160 2562 2223 ont
2594 2156 2938 2239 contente,

1099 2272 1271 2354 Sire,
1309 2290 1396 2337 en
1431 2270 1641 2354 oyant
1663 2267 1720 2334 si
1750 2267 1908 2334 bien
1941 2286 2033 2334 un
2061 2266 2274 2332 David
2313 2266 2670 2335 rechante.
2704 2321 2716 2334 .
2747 2323 2760 2337 .
2811 2268 2916 2357 (l).

1052 2419 1244 2496 Quod
1280 2418 1367 2483 ad
1396 2416 1774 2482 dramatica
1812 2416 2057 2482 mediae
2092 2416 2317 2482 aetatis
2351 2434 2562 2501 opera
2606 2417 2871 2498 attinet,
2901 2418 3219 2501 quaedam

964 2536 1049 2601 (16
1081 2535 1188 2601 his
1213 2551 1484 2619 quoque
1520 2528 1930 2597 Valkelinus
1960 2531 2219 2597 scribit.
2256 2530 2564 2599 Morales
2596 2533 2980 2618 praesertim
3009 2531 3220 2622 fabu-

966 2646 1073 2715 las
1108 2666 1243 2715 non
1292 2647 1498 2714 modo
1529 2654 1890 2727 memorat,
1928 2645 2049 2711 sed
2071 2644 2281 2711 etiam
2314 2643 2552 2711 laudat
2576 2646 3035 2733 pulchrasque
3066 2665 3219 2713 esse

967 2762 1370 2828 confitetur:

1097 2913 1290 2980 Ainsi
1326 2931 1453 2978 nos
1488 2911 1696 2977 vieux
1731 2910 2032 2994 franqois
2064 2909 2337 2977 usoient
2367 2912 2452 2978 de
2478 2911 2631 2979 leur
2656 2913 2888 2979 Rebec

1100 3027 1194 3090 De
1229 3023 1298 3089 la
1331 3023 1492 3089 flute
1527 3023 1613 3088 de
1647 3022 1845 3088 bouis
1879 3025 1945 3087 el
1984 3021 2073 3088 :lu
2106 3022 2329 3088 bedon
2357 3041 2527 3090 avec

992 3126 1006 3143 “
1094 3137 1335 3216 Quand
1360 3137 1446 3203 ils
1480 3134 2028 3221 representoient
2057 3136 2241 3201 leurs
2278 3137 2630 3202 moralitez
2667 3135 2882 3202 belles
2920 3135 3033 3223 (2).

961 3290 1136 3368 Quid
1203 3291 1381 3357 inter
1451 3308 1570 3356 eas
1638 3307 1720 3355 ac
1778 3290 2039 3373 justam
2122 3288 2489 3372 tragoediae
2556 3288 2846 3355 formam
2916 3289 3212 3370 intersit,

962 3410 1194 3492 docet3
1229 3407 1478 3473 deinde
1510 3407 1792 3472 cunctos
1836 3405 2142 3489 aequales
2188 3408 2425 3490 poetas
2468 3409 2804 3486 recenset,
2843 3406 2958 3490 qui
3000 3405 3215 3473 Galli-

965 3540 1117 3588 cam
1184 3536 1486 3587 scaenam
1551 3518 1639 3583 ad
1687 3521 2000 3584 veterum
2044 3516 2496 3583 imitationem
2544 3520 2982 3583 vocaverant.
3029 3517 3215 3583 Alias

961 3634 1393 3721 superiorum
1413 3634 1696 3699 aetatum
1720 3630 2011 3712 fabulaS,
2032 3649 2189 3715 quae
2213 3631 2465 3715 gallice
2499 3655 2532 3692 «
2557 3631 2768 3698 soties
2792 3654 2824 3694 »
2853 3634 3210 3712 vocantur,

961 3769 1101 3817 non
1133 3768 1177 3816 a
1203 3748 1575 3816 Valkelino
1616 3745 1909 3812 omissas
1950 3764 2101 3812 esse
2131 3747 2273 3830 jam
2309 3749 2515 3812 antea
2555 3746 3205 3829 animadvertimus;

962 3862 1079 3929 ille
1122 3863 1306 3929 enim
1340 3861 1414 3926 in
1447 3859 1749 3926 secundo
1787 3858 1964 3925 libro
2001 3858 2299 3924 ostendit
2331 3859 2675 3943 quomodo
2703 3859 2906 3943 hujus
2935 3858 3213 3942 generis

960 3975 1244 4041 libertas
1279 3976 1349 4040 in
1386 3973 1628 4039 vitium
1658 3971 2001 4038 inciderit.
2041 3972 2135 4037 De
2170 3969 2521 4059 mysteriis
2555 3973 2833 4057 quidem
2866 3972 3041 4038 nihil
3075 3976 3213 4039 tra-

963 4091 1095 4175 dit3
1145 4089 1292 4172 sed,
1323 4107 1479 4155 cum
1533 4089 1770 4173 poetas
1812 4086 2128 4151 hortatur
2157 4083 2239 4171 (3)
2277 4089 2350 4152 ut
2383 4086 2761 4153 christiana
2802 4089 3213 4170 argumenta

961 4206 1032 4273 in
1066 4224 1368 4272 scaenam
1404 4203 1754 4284 inducant,
1786 4221 1923 4267 non
1959 4200 2257 4268 dubitari
2292 4205 2517 4286 potest
2544 4201 2710 4287 quin
2749 4200 2919 4268 illud
2959 4200 3209 4267 mediae

961 4321 1186 4387 aetatis
1214 4337 1438 4404 genus
1472 4319 1621 4403 ipse
1659 4315 2074 4384 meminerit.

1013 4520 1072 4576 (1)
1099 4522 1222 4564 [bid.

1009 4598 1071 4652 (2)
1099 4598 1221 4641 lbid.
1437 4644 1452 4651 ⁴

1008 4672 1071 4727 (3)
1103 4673 1162 4717 V.
1183 4673 1332 4729 caput
1351 4673 1593 4728 quartum.
