<?xml version="1.0" encoding="UTF-8"?>
<!DOCTYPE html PUBLIC "-//W3C//DTD XHTML 1.0 Transitional//EN"
    "http://www.w3.org/TR/xhtml1/DTD/xhtml1-transitional.dtd">
<html xmlns="http://www.w3.org/1999/xhtml" xml:lang="en" lang="en">
 <head>
  <title>
</title>
<meta http-equiv="Content-Type" content="text/html;charset=utf-8" />
  <meta name='ocr-system' content='tesseract 3.04.00' />
  <meta name='ocr-capabilities' content='ocr_page ocr_carea ocr_par ocr_line ocrx_word'/>
</head>
<body>
  <div class='ocr_page' id='page_1' title='image "./desextidecimisa00pellgoog_0136.png"; bbox 0 0 3561 5729; ppageno 0'>
   <div class='ocr_carea' id='block_1_1' title="bbox 974 615 3079 847">
    <p class='ocr_par' dir='ltr' id='par_1_1' title="bbox 974 615 3079 847">
     <span class='ocr_line' id='line_1_1' title="bbox 1929 615 2287 675; baseline 0.006 -1"><span class='ocrx_word' id='word_1_1' title='bbox 1929 650 2007 658; x_wconf 93' lang='lat'><em>-</em></span> <span class='ocrx_word' id='word_1_2' title='bbox 2054 615 2170 675; x_wconf 77' lang='lat'>132</span> <span class='ocrx_word' id='word_1_3' title='bbox 2210 649 2287 659; x_wconf 89' lang='lat'><em>-</em></span> 
     </span>
     <span class='ocr_line' id='line_1_2' title="bbox 974 758 3079 847; baseline 0 -20"><span class='ocrx_word' id='word_1_4' title='bbox 974 762 1102 827; x_wconf 86' lang='lat' dir='ltr'>Sed</span> <span class='ocrx_word' id='word_1_5' title='bbox 1134 763 1306 827; x_wconf 90' lang='lat' dir='ltr'>bene</span> <span class='ocrx_word' id='word_1_6' title='bbox 1343 760 1534 826; x_wconf 90' lang='lat' dir='ltr'>novit</span> <span class='ocrx_word' id='word_1_7' title='bbox 1566 763 1788 826; x_wconf 90' lang='lat' dir='ltr'>artem</span> <span class='ocrx_word' id='word_1_8' title='bbox 1822 758 2105 825; x_wconf 83' lang='lat' dir='ltr'>cuilibet</span> <span class='ocrx_word' id='word_1_9' title='bbox 2142 758 2334 847; x_wconf 91' lang='lat' dir='ltr'>operi</span> <span class='ocrx_word' id='word_1_10' title='bbox 2370 758 2835 825; x_wconf 78' lang='lat' dir='ltr'>necessariam</span> <span class='ocrx_word' id='word_1_11' title='bbox 2873 780 3025 827; x_wconf 89' lang='lat' dir='ltr'>esse</span> <span class='ocrx_word' id='word_1_12' title='bbox 3065 782 3079 827; x_wconf 80' lang='grc'>;</span> 
     </span>
    </p>
   </div>
   <div class='ocr_carea' id='block_1_2' title="bbox 1109 900 2992 1098">
    <p class='ocr_par' dir='ltr' id='par_1_2' title="bbox 1109 900 3083 1098">
     <span class='ocr_line' id='line_1_3' title="bbox 1124 900 2992 991; baseline -0.001 -24"><span class='ocrx_word' id='word_1_13' title='bbox 1124 956 1136 967; x_wconf 94' lang='grc'><strong><em>.</em></strong></span> <span class='ocrx_word' id='word_1_14' title='bbox 1169 956 1181 967; x_wconf 95' lang='grc'><strong>.</strong></span> <span class='ocrx_word' id='word_1_15' title='bbox 1242 904 1415 968; x_wconf 89' lang='lat' dir='ltr'>Tout</span> <span class='ocrx_word' id='word_1_16' title='bbox 1449 919 1574 991; x_wconf 88' lang='lat' dir='ltr'>par</span> <span class='ocrx_word' id='word_1_17' title='bbox 1607 903 1715 967; x_wconf 84' lang='lat' dir='ltr'>art</span> <span class='ocrx_word' id='word_1_18' title='bbox 1747 917 1822 967; x_wconf 88' lang='lat' dir='ltr'>se</span> <span class='ocrx_word' id='word_1_19' title='bbox 1852 900 1998 975; x_wconf 89' lang='lat' dir='ltr'>fait,</span> <span class='ocrx_word' id='word_1_20' title='bbox 2037 901 2185 966; x_wconf 92' lang='lat' dir='ltr'>tout</span> <span class='ocrx_word' id='word_1_21' title='bbox 2218 918 2344 988; x_wconf 88' lang='lat' dir='ltr'>par</span> <span class='ocrx_word' id='word_1_22' title='bbox 2375 902 2483 966; x_wconf 91' lang='lat' dir='ltr'>art</span> <span class='ocrx_word' id='word_1_23' title='bbox 2515 918 2591 967; x_wconf 89' lang='lat' dir='ltr'>se</span> <span class='ocrx_word' id='word_1_24' title='bbox 2629 900 2992 968; x_wconf 83' lang='lat' dir='ltr'>construit.</span> 
     </span>
     <span class='ocr_line' id='line_1_4' title="bbox 1109 1010 2709 1098; baseline -0.001 -17"><span class='ocrx_word' id='word_1_25' title='bbox 1109 1017 1192 1081; x_wconf 89' lang='lat' dir='ltr'>Et</span> <span class='ocrx_word' id='word_1_26' title='bbox 1221 1031 1340 1080; x_wconf 89' lang='lat' dir='ltr'>sur</span> <span class='ocrx_word' id='word_1_27' title='bbox 1372 1016 1527 1079; x_wconf 89' lang='lat' dir='ltr'>tous</span> <span class='ocrx_word' id='word_1_28' title='bbox 1561 1012 1626 1078; x_wconf 95' lang='lat' dir='ltr'>le</span> <span class='ocrx_word' id='word_1_29' title='bbox 1656 1016 1859 1098; x_wconf 78' lang='lat' dir='ltr'>poete</span> <span class='ocrx_word' id='word_1_30' title='bbox 1894 1030 1982 1077; x_wconf 90' lang='lat' dir='ltr'>en</span> <span class='ocrx_word' id='word_1_31' title='bbox 2015 1029 2141 1077; x_wconf 91' lang='lat' dir='ltr'>son</span> <span class='ocrx_word' id='word_1_32' title='bbox 2180 1010 2366 1078; x_wconf 83' lang='lat' dir='ltr'>doux</span> <span class='ocrx_word' id='word_1_33' title='bbox 2395 1011 2709 1079; x_wconf 81' lang='lat' dir='ltr'>exercice</span> 
     </span>
    </p>
   </div>
   <div class='ocr_carea' id='block_1_3' title="bbox 1107 1126 2789 1215">
    <p class='ocr_par' dir='ltr' id='par_1_3' title="bbox 1107 1126 2789 1215">
     <span class='ocr_line' id='line_1_5' title="bbox 1107 1126 2789 1215; baseline 0.001 -20"><span class='ocrx_word' id='word_1_34' title='bbox 1107 1129 1323 1196; x_wconf 88' lang='lat' dir='ltr'>Mesle</span> <span class='ocrx_word' id='word_1_35' title='bbox 1352 1147 1522 1195; x_wconf 87' lang='lat' dir='ltr'>avec</span> <span class='ocrx_word' id='word_1_36' title='bbox 1555 1127 1626 1195; x_wconf 90' lang='lat' dir='ltr'>la</span> <span class='ocrx_word' id='word_1_37' title='bbox 1656 1130 1903 1194; x_wconf 89' lang='lat' dir='ltr'>nature</span> <span class='ocrx_word' id='word_1_38' title='bbox 1936 1145 2031 1193; x_wconf 87' lang='lat' dir='ltr'>un</span> <span class='ocrx_word' id='word_1_39' title='bbox 2056 1126 2355 1213; x_wconf 91' lang='lat' dir='ltr'>plaisant</span> <span class='ocrx_word' id='word_1_40' title='bbox 2388 1126 2652 1194; x_wconf 88' lang='lat' dir='ltr'>artifice</span> <span class='ocrx_word' id='word_1_41' title='bbox 2682 1126 2789 1215; x_wconf 92' lang='lat' dir='ltr'>(l).</span> 
     </span>
    </p>
   </div>
   <div class='ocr_carea' id='block_1_4' title="bbox 975 1278 3239 1616">
    <p class='ocr_par' dir='ltr' id='par_1_4' title="bbox 975 1278 3239 1616">
     <span class='ocr_line' id='line_1_6' title="bbox 975 1278 3239 1382; baseline 0.001 -36"><span class='ocrx_word' id='word_1_42' title='bbox 975 1278 1340 1382; x_wconf 81' lang='lat' dir='ltr'>Ingenium</span> <span class='ocrx_word' id='word_1_43' title='bbox 1385 1278 1620 1361; x_wconf 91' lang='lat' dir='ltr'>etiam,</span> <span class='ocrx_word' id='word_1_44' title='bbox 1657 1278 1975 1363; x_wconf 87' lang='lat' dir='ltr'>quamvis</span> <span class='ocrx_word' id='word_1_45' title='bbox 2026 1281 2175 1344; x_wconf 90' lang='lat' dir='ltr'>arte</span> <span class='ocrx_word' id='word_1_46' title='bbox 2217 1278 2630 1347; x_wconf 83' lang='lat' dir='ltr'>fortunatius</span> <span class='ocrx_word' id='word_1_47' title='bbox 2668 1298 2822 1347; x_wconf 88' lang='lat' dir='ltr'>esse</span> <span class='ocrx_word' id='word_1_48' title='bbox 2865 1285 3083 1367; x_wconf 90' lang='lat' dir='ltr'>putet,</span> <span class='ocrx_word' id='word_1_49' title='bbox 3117 1286 3239 1367; x_wconf 86' lang='lat' dir='ltr'>ju-</span> 
     </span>
     <span class='ocr_line' id='line_1_7' title="bbox 978 1391 2220 1477; baseline 0 -18"><span class='ocrx_word' id='word_1_50' title='bbox 978 1392 1139 1460; x_wconf 91' lang='lat' dir='ltr'>dicii</span> <span class='ocrx_word' id='word_1_51' title='bbox 1171 1396 1239 1459; x_wconf 88' lang='lat' dir='ltr'>et</span> <span class='ocrx_word' id='word_1_52' title='bbox 1262 1391 1553 1459; x_wconf 87' lang='lat' dir='ltr'>rationis</span> <span class='ocrx_word' id='word_1_53' title='bbox 1587 1391 1884 1477; x_wconf 92' lang='lat' dir='ltr'>imperio</span> <span class='ocrx_word' id='word_1_54' title='bbox 1919 1392 2166 1458; x_wconf 84' lang='lat' dir='ltr'>subicit</span> <span class='ocrx_word' id='word_1_55' title='bbox 2204 1408 2220 1459; x_wconf 72' lang='grc' dir='ltr'>ε</span> 
     </span>
     <span class='ocr_line' id='line_1_8' title="bbox 1246 1489 2957 1616; baseline 0.001 -21"><span class='ocrx_word' id='word_1_56' title='bbox 1246 1529 1478 1595; x_wconf 86' lang='lat' dir='ltr'>Rends</span> <span class='ocrx_word' id='word_1_57' title='bbox 1512 1547 1603 1595; x_wconf 92' lang='lat' dir='ltr'>au</span> <span class='ocrx_word' id='word_1_58' title='bbox 1629 1530 1768 1596; x_wconf 90' lang='lat' dir='ltr'>bon</span> <span class='ocrx_word' id='word_1_59' title='bbox 1792 1530 2159 1613; x_wconf 85' lang='lat' dir='ltr'>jngement</span> <span class='ocrx_word' id='word_1_60' title='bbox 2191 1530 2438 1613; x_wconf 88' lang='lat' dir='ltr'>sujette</span> <span class='ocrx_word' id='word_1_61' title='bbox 2470 1536 2543 1594; x_wconf 89' lang='lat' dir='ltr'>ta</span> <span class='ocrx_word' id='word_1_62' title='bbox 2575 1489 2957 1616; x_wconf 46' lang='lat' dir='ltr'>fureur&#39;oe).</span> 
     </span>
    </p>
   </div>
   <div class='ocr_carea' id='block_1_5' title="bbox 976 1666 3255 4486">
    <p class='ocr_par' dir='ltr' id='par_1_5' title="bbox 976 1666 3248 2893">
     <span class='ocr_line' id='line_1_9' title="bbox 978 1666 3243 1756; baseline 0.001 -21"><span class='ocrx_word' id='word_1_63' title='bbox 978 1671 1194 1735; x_wconf 90' lang='lat' dir='ltr'>Immo</span> <span class='ocrx_word' id='word_1_64' title='bbox 1230 1667 1302 1732; x_wconf 92' lang='lat' dir='ltr'>in</span> <span class='ocrx_word' id='word_1_65' title='bbox 1355 1667 1807 1734; x_wconf 84' lang='lat' dir='ltr'>similitudine</span> <span class='ocrx_word' id='word_1_66' title='bbox 1851 1666 2108 1751; x_wconf 91' lang='lat' dir='ltr'>aliqua,</span> <span class='ocrx_word' id='word_1_67' title='bbox 2158 1687 2313 1752; x_wconf 88' lang='lat' dir='ltr'>quae</span> <span class='ocrx_word' id='word_1_68' title='bbox 2369 1687 2580 1754; x_wconf 91' lang='lat' dir='ltr'>supra</span> <span class='ocrx_word' id='word_1_69' title='bbox 2635 1669 2857 1735; x_wconf 89' lang='lat' dir='ltr'>relata</span> <span class='ocrx_word' id='word_1_70' title='bbox 2906 1673 3035 1752; x_wconf 88' lang='lat' dir='ltr'>est,</span> <span class='ocrx_word' id='word_1_71' title='bbox 3075 1690 3243 1756; x_wconf 88' lang='lat' dir='ltr'>poe-</span> 
     </span>
     <span class='ocr_line' id='line_1_10' title="bbox 976 1780 3240 1872; baseline 0.001 -23"><span class='ocrx_word' id='word_1_72' title='bbox 976 1782 1108 1850; x_wconf 90' lang='lat' dir='ltr'>sim</span> <span class='ocrx_word' id='word_1_73' title='bbox 1161 1800 1300 1848; x_wconf 93' lang='lat' dir='ltr'>non</span> <span class='ocrx_word' id='word_1_74' title='bbox 1349 1781 1609 1865; x_wconf 82' lang='lat' dir='ltr'>agresti</span> <span class='ocrx_word' id='word_1_75' title='bbox 1670 1780 1938 1847; x_wconf 90' lang='lat' dir='ltr'>nemori</span> <span class='ocrx_word' id='word_1_76' title='bbox 1995 1781 2115 1847; x_wconf 89' lang='lat' dir='ltr'>sed</span> <span class='ocrx_word' id='word_1_77' title='bbox 2180 1781 2561 1848; x_wconf 84' lang='lat' dir='ltr'>cultissimo</span> <span class='ocrx_word' id='word_1_78' title='bbox 2632 1783 3240 1872; x_wconf 87' lang='lat' dir='ltr'>comptissimoque</span> 
     </span>
     <span class='ocr_line' id='line_1_11' title="bbox 977 1893 3243 1980; baseline 0.001 -19"><span class='ocrx_word' id='word_1_79' title='bbox 977 1896 1179 1962; x_wconf 90' lang='lat' dir='ltr'>horto</span> <span class='ocrx_word' id='word_1_80' title='bbox 1214 1897 1591 1980; x_wconf 88' lang='lat' dir='ltr'>comparat.</span> <span class='ocrx_word' id='word_1_81' title='bbox 1635 1895 1793 1975; x_wconf 89' lang='lat' dir='ltr'>Sed,</span> <span class='ocrx_word' id='word_1_82' title='bbox 1832 1893 2149 1979; x_wconf 87' lang='lat' dir='ltr'>quamvis</span> <span class='ocrx_word' id='word_1_83' title='bbox 2190 1895 2481 1960; x_wconf 91' lang='lat' dir='ltr'>multum</span> <span class='ocrx_word' id='word_1_84' title='bbox 2517 1895 2587 1960; x_wconf 91' lang='lat' dir='ltr'>in</span> <span class='ocrx_word' id='word_1_85' title='bbox 2630 1896 2994 1962; x_wconf 90' lang='lat' dir='ltr'>scribendo</span> <span class='ocrx_word' id='word_1_86' title='bbox 3047 1915 3243 1963; x_wconf 82' lang='lat' dir='ltr'>sanae</span> 
     </span>
     <span class='ocr_line' id='line_1_12' title="bbox 978 2007 3245 2093; baseline 0 -19"><span class='ocrx_word' id='word_1_87' title='bbox 978 2008 1191 2075; x_wconf 88' lang='lat' dir='ltr'>menti</span> <span class='ocrx_word' id='word_1_88' title='bbox 1243 2007 1523 2089; x_wconf 82' lang='lat' dir='ltr'>tribuat,</span> <span class='ocrx_word' id='word_1_89' title='bbox 1570 2011 1806 2073; x_wconf 90' lang='lat' dir='ltr'>tamen</span> <span class='ocrx_word' id='word_1_90' title='bbox 1849 2011 2046 2073; x_wconf 87' lang='lat' dir='ltr'>extra</span> <span class='ocrx_word' id='word_1_91' title='bbox 2083 2007 2366 2073; x_wconf 92' lang='lat' dir='ltr'>modum</span> <span class='ocrx_word' id='word_1_92' title='bbox 2416 2027 2917 2092; x_wconf 86' lang='lat' dir='ltr'>numerumque</span> <span class='ocrx_word' id='word_1_93' title='bbox 2984 2008 3245 2093; x_wconf 88' lang='lat' dir='ltr'>saepius</span> 
     </span>
     <span class='ocr_line' id='line_1_13' title="bbox 978 2121 3245 2206; baseline -0.001 -17"><span class='ocrx_word' id='word_1_94' title='bbox 978 2142 1138 2189; x_wconf 86' lang='lat' dir='ltr'>eum</span> <span class='ocrx_word' id='word_1_95' title='bbox 1185 2122 1428 2206; x_wconf 83' lang='lat' dir='ltr'>vagari</span> <span class='ocrx_word' id='word_1_96' title='bbox 1477 2122 1833 2188; x_wconf 80' lang='lat' dir='ltr'>fatendum</span> <span class='ocrx_word' id='word_1_97' title='bbox 1877 2123 2003 2187; x_wconf 86' lang='lat' dir='ltr'>est.</span> <span class='ocrx_word' id='word_1_98' title='bbox 2062 2121 2263 2188; x_wconf 90' lang='lat' dir='ltr'>Poesi</span> <span class='ocrx_word' id='word_1_99' title='bbox 2313 2124 2572 2188; x_wconf 82' lang='lat' dir='ltr'>nostrae</span> <span class='ocrx_word' id='word_1_100' title='bbox 2622 2122 2890 2190; x_wconf 79' lang='lat' dir='ltr'>acriore</span> <span class='ocrx_word' id='word_1_101' title='bbox 2930 2141 3010 2189; x_wconf 92' lang='lat' dir='ltr'>ac</span> <span class='ocrx_word' id='word_1_102' title='bbox 3045 2141 3245 2188; x_wconf 86' lang='lat' dir='ltr'>seve-</span> 
     </span>
     <span class='ocr_line' id='line_1_14' title="bbox 976 2218 3241 2319; baseline -0 -18"><span class='ocrx_word' id='word_1_103' title='bbox 976 2235 1161 2301; x_wconf 91' lang='lat' dir='ltr'>riore</span> <span class='ocrx_word' id='word_1_104' title='bbox 1193 2233 1556 2319; x_wconf 82' lang='lat' dir='ltr'>disciplina</span> <span class='ocrx_word' id='word_1_105' title='bbox 1592 2251 1765 2319; x_wconf 92' lang='lat' dir='ltr'>opus</span> <span class='ocrx_word' id='word_1_106' title='bbox 1802 2236 1973 2316; x_wconf 87' lang='lat' dir='ltr'>erat,</span> <span class='ocrx_word' id='word_1_107' title='bbox 2011 2253 2168 2318; x_wconf 86' lang='lat' dir='ltr'>quae</span> <span class='ocrx_word' id='word_1_108' title='bbox 2208 2218 2653 2300; x_wconf 84' lang='lat' dir='ltr'>audaciorem</span> <span class='ocrx_word' id='word_1_109' title='bbox 2687 2253 2770 2301; x_wconf 90' lang='lat' dir='ltr'>ac</span> <span class='ocrx_word' id='word_1_110' title='bbox 2803 2234 3241 2302; x_wconf 91' lang='lat' dir='ltr'>lasciviorem</span> 
     </span>
     <span class='ocr_line' id='line_1_15' title="bbox 981 2347 3243 2435; baseline 0.002 -25"><span class='ocrx_word' id='word_1_111' title='bbox 981 2353 1216 2414; x_wconf 75' lang='lat' dir='ltr'>vatum</span> <span class='ocrx_word' id='word_1_112' title='bbox 1266 2348 1623 2435; x_wconf 84' lang='lat' dir='ltr'>impetum.</span> <span class='ocrx_word' id='word_1_113' title='bbox 1668 2347 2178 2432; x_wconf 89' lang='lat' dir='ltr'>comprimeret.</span> <span class='ocrx_word' id='word_1_114' title='bbox 2240 2348 2516 2432; x_wconf 85' lang='lat' dir='ltr'>Itaque,</span> <span class='ocrx_word' id='word_1_115' title='bbox 2597 2348 2866 2415; x_wconf 89' lang='lat' dir='ltr'>etiamsi</span> <span class='ocrx_word' id='word_1_116' title='bbox 2929 2349 3243 2415; x_wconf 87' lang='lat' dir='ltr'>Bolaeum</span> 
     </span>
     <span class='ocr_line' id='line_1_16' title="bbox 982 2462 3247 2548; baseline 0.002 -21"><span class='ocrx_word' id='word_1_117' title='bbox 982 2465 1342 2548; x_wconf 87' lang='lat' dir='ltr'>poetarum</span> <span class='ocrx_word' id='word_1_118' title='bbox 1393 2481 1641 2529; x_wconf 81' lang='lat' dir='ltr'>venam</span> <span class='ocrx_word' id='word_1_119' title='bbox 1705 2462 2078 2546; x_wconf 89' lang='lat' dir='ltr'>aliquando</span> <span class='ocrx_word' id='word_1_120' title='bbox 2124 2462 2342 2529; x_wconf 87' lang='lat' dir='ltr'>artius</span> <span class='ocrx_word' id='word_1_121' title='bbox 2390 2482 2711 2531; x_wconf 88' lang='lat' dir='ltr'>coercere</span> <span class='ocrx_word' id='word_1_122' title='bbox 2758 2465 2850 2531; x_wconf 89' lang='lat' dir='ltr'>sit</span> <span class='ocrx_word' id='word_1_123' title='bbox 2888 2465 3247 2531; x_wconf 85' lang='lat' dir='ltr'>fatendum</span> 
     </span>
     <span class='ocr_line' id='line_1_17' title="bbox 980 2576 3247 2663; baseline 0.001 -20"><span class='ocrx_word' id='word_1_124' title='bbox 980 2577 1239 2661; x_wconf 89' lang='lat' dir='ltr'>optime</span> <span class='ocrx_word' id='word_1_125' title='bbox 1273 2581 1511 2643; x_wconf 88' lang='lat' dir='ltr'>tamen</span> <span class='ocrx_word' id='word_1_126' title='bbox 1546 2578 1630 2642; x_wconf 92' lang='lat' dir='ltr'>de</span> <span class='ocrx_word' id='word_1_127' title='bbox 1663 2576 1969 2642; x_wconf 79' lang='lat' dir='ltr'>francica</span> <span class='ocrx_word' id='word_1_128' title='bbox 1996 2577 2188 2661; x_wconf 91' lang='lat' dir='ltr'>poesi</span> <span class='ocrx_word' id='word_1_129' title='bbox 2225 2577 2512 2644; x_wconf 88' lang='lat' dir='ltr'>meritus</span> <span class='ocrx_word' id='word_1_130' title='bbox 2546 2581 2674 2660; x_wconf 90' lang='lat' dir='ltr'>est,</span> <span class='ocrx_word' id='word_1_131' title='bbox 2704 2579 2814 2645; x_wconf 92' lang='lat' dir='ltr'>cui</span> <span class='ocrx_word' id='word_1_132' title='bbox 2844 2597 3028 2663; x_wconf 85' lang='lat' dir='ltr'>vaga</span> <span class='ocrx_word' id='word_1_133' title='bbox 3055 2580 3247 2645; x_wconf 90' lang='lat' dir='ltr'>omni</span> 
     </span>
     <span class='ocr_line' id='line_1_18' title="bbox 978 2689 3248 2776; baseline 0.001 -19"><span class='ocrx_word' id='word_1_134' title='bbox 978 2691 1343 2775; x_wconf 90' lang='lat' dir='ltr'>solutaque</span> <span class='ocrx_word' id='word_1_135' title='bbox 1374 2690 1656 2757; x_wconf 86' lang='lat' dir='ltr'>licentia</span> <span class='ocrx_word' id='word_1_136' title='bbox 1684 2689 2042 2757; x_wconf 84' lang='lat' dir='ltr'>interdixit</span> <span class='ocrx_word' id='word_1_137' title='bbox 2085 2709 2165 2756; x_wconf 90' lang='lat' dir='ltr'>ac</span> <span class='ocrx_word' id='word_1_138' title='bbox 2204 2709 2330 2776; x_wconf 93' lang='lat' dir='ltr'>pro</span> <span class='ocrx_word' id='word_1_139' title='bbox 2365 2691 2763 2759; x_wconf 89' lang='lat' dir='ltr'>firmissimo</span> <span class='ocrx_word' id='word_1_140' title='bbox 2799 2691 3248 2759; x_wconf 84' lang='lat' dir='ltr'>fundamento</span> 
     </span>
     <span class='ocr_line' id='line_1_19' title="bbox 983 2804 1997 2893; baseline 0 -23"><span class='ocrx_word' id='word_1_141' title='bbox 983 2804 1324 2871; x_wconf 88' lang='lat' dir='ltr'>rationem</span> <span class='ocrx_word' id='word_1_142' title='bbox 1360 2804 1584 2889; x_wconf 86' lang='lat' dir='ltr'>ipsam</span> <span class='ocrx_word' id='word_1_143' title='bbox 1614 2804 1997 2893; x_wconf 88' lang='lat' dir='ltr'>supposuit.</span> 
     </span>
    </p>

    <p class='ocr_par' dir='ltr' id='par_1_6' title="bbox 981 2919 3255 4486">
     <span class='ocr_line' id='line_1_20' title="bbox 1073 2919 3251 3012; baseline 0 -25"><span class='ocrx_word' id='word_1_144' title='bbox 1073 2923 1226 2987; x_wconf 90' lang='lat' dir='ltr'>Non</span> <span class='ocrx_word' id='word_1_145' title='bbox 1266 2924 1449 2988; x_wconf 86' lang='lat' dir='ltr'>certe</span> <span class='ocrx_word' id='word_1_146' title='bbox 1508 2920 1936 3006; x_wconf 87' lang='lat' dir='ltr'>pervenisset</span> <span class='ocrx_word' id='word_1_147' title='bbox 1973 2919 2324 2987; x_wconf 88' lang='lat' dir='ltr'>Valkelini</span> <span class='ocrx_word' id='word_1_148' title='bbox 2361 2925 2493 2988; x_wconf 85' lang='lat' dir='ltr'>Ars</span> <span class='ocrx_word' id='word_1_149' title='bbox 2539 2923 2807 3012; x_wconf 87' lang='lat' dir='ltr'>poetica</span> <span class='ocrx_word' id='word_1_150' title='bbox 2858 2923 2928 2988; x_wconf 92' lang='lat' dir='ltr'>in</span> <span class='ocrx_word' id='word_1_151' title='bbox 2983 2925 3251 2988; x_wconf 86' lang='lat' dir='ltr'>tantam</span> 
     </span>
     <span class='ocr_line' id='line_1_21' title="bbox 982 3033 3253 3125; baseline 0 -23"><span class='ocrx_word' id='word_1_152' title='bbox 982 3039 1418 3121; x_wconf 88' lang='lat' dir='ltr'>posterorum</span> <span class='ocrx_word' id='word_1_153' title='bbox 1469 3034 1917 3116; x_wconf 89' lang='lat' dir='ltr'>oblivionem,</span> <span class='ocrx_word' id='word_1_154' title='bbox 1969 3033 2283 3118; x_wconf 90' lang='lat' dir='ltr'>quamvis</span> <span class='ocrx_word' id='word_1_155' title='bbox 2337 3034 2780 3102; x_wconf 84' lang='lat' dir='ltr'>instituendae</span> <span class='ocrx_word' id='word_1_156' title='bbox 2825 3036 3017 3125; x_wconf 91' lang='lat' dir='ltr'>poesi</span> <span class='ocrx_word' id='word_1_157' title='bbox 3084 3055 3253 3102; x_wconf 91' lang='lat' dir='ltr'>nos-</span> 
     </span>
     <span class='ocr_line' id='line_1_22' title="bbox 981 3148 3254 3234; baseline 0.001 -20"><span class='ocrx_word' id='word_1_158' title='bbox 981 3153 1111 3215; x_wconf 83' lang='lat' dir='ltr'>trae</span> <span class='ocrx_word' id='word_1_159' title='bbox 1141 3153 1210 3215; x_wconf 85' lang='lat' dir='ltr'>et</span> <span class='ocrx_word' id='word_1_160' title='bbox 1257 3149 1663 3215; x_wconf 76' lang='lat' dir='ltr'>ordinandae</span> <span class='ocrx_word' id='word_1_161' title='bbox 1714 3148 1939 3234; x_wconf 86' lang='lat' dir='ltr'>impar</span> <span class='ocrx_word' id='word_1_162' title='bbox 1982 3152 2193 3233; x_wconf 90' lang='lat' dir='ltr'>esset,</span> <span class='ocrx_word' id='word_1_163' title='bbox 2230 3150 2315 3231; x_wconf 92' lang='lat' dir='ltr'>si,</span> <span class='ocrx_word' id='word_1_164' title='bbox 2353 3170 2477 3216; x_wconf 91' lang='lat' dir='ltr'>seu</span> <span class='ocrx_word' id='word_1_165' title='bbox 2520 3150 2861 3231; x_wconf 83' lang='lat' dir='ltr'>versibuS,</span> <span class='ocrx_word' id='word_1_166' title='bbox 2910 3169 3033 3216; x_wconf 88' lang='lat' dir='ltr'>seu</span> <span class='ocrx_word' id='word_1_167' title='bbox 3078 3150 3254 3217; x_wconf 90' lang='lat' dir='ltr'>scri-</span> 
     </span>
     <span class='ocr_line' id='line_1_23' title="bbox 984 3262 3252 3354; baseline 0 -25"><span class='ocrx_word' id='word_1_168' title='bbox 984 3263 1189 3330; x_wconf 91' lang='lat' dir='ltr'>bendi</span> <span class='ocrx_word' id='word_1_169' title='bbox 1225 3282 1510 3350; x_wconf 84' lang='lat' dir='ltr'>genere,</span> <span class='ocrx_word' id='word_1_170' title='bbox 1551 3263 1855 3329; x_wconf 78' lang='lat' dir='ltr'>limatIOr</span> <span class='ocrx_word' id='word_1_171' title='bbox 1889 3262 2154 3330; x_wconf 83' lang='lat' dir='ltr'>fuisset.</span> <span class='ocrx_word' id='word_1_172' title='bbox 2195 3265 2326 3330; x_wconf 91' lang='lat' dir='ltr'>Sed</span> <span class='ocrx_word' id='word_1_173' title='bbox 2371 3263 2562 3330; x_wconf 89' lang='lat' dir='ltr'>nulla</span> <span class='ocrx_word' id='word_1_174' title='bbox 2610 3283 2699 3330; x_wconf 81' lang='lat' dir='ltr'>ex</span> <span class='ocrx_word' id='word_1_175' title='bbox 2743 3269 2935 3354; x_wconf 87' lang='lat' dir='ltr'>parte</span> <span class='ocrx_word' id='word_1_176' title='bbox 2978 3267 3252 3331; x_wconf 89' lang='lat' dir='ltr'>tantum</span> 
     </span>
     <span class='ocr_line' id='line_1_24' title="bbox 984 3377 3252 3464; baseline 0 -19"><span class='ocrx_word' id='word_1_177' title='bbox 984 3377 1349 3445; x_wconf 90' lang='lat' dir='ltr'>claudicat.</span> <span class='ocrx_word' id='word_1_178' title='bbox 1395 3379 1678 3444; x_wconf 89' lang='lat' dir='ltr'>Penitus</span> <span class='ocrx_word' id='word_1_179' title='bbox 1718 3379 1995 3462; x_wconf 82' lang='lat' dir='ltr'>ignorat</span> <span class='ocrx_word' id='word_1_180' title='bbox 2033 3378 2444 3445; x_wconf 86' lang='lat' dir='ltr'>Valkelinus</span> <span class='ocrx_word' id='word_1_181' title='bbox 2492 3380 2835 3464; x_wconf 90' lang='lat' dir='ltr'>quomodo</span> <span class='ocrx_word' id='word_1_182' title='bbox 2884 3379 3252 3446; x_wconf 89' lang='lat' dir='ltr'>duodecim</span> 
     </span>
     <span class='ocr_line' id='line_1_25' title="bbox 982 3491 3244 3576; baseline 0 -18"><span class='ocrx_word' id='word_1_183' title='bbox 982 3491 1408 3576; x_wconf 86' lang='lat' dir='ltr'>syllabarum</span> <span class='ocrx_word' id='word_1_184' title='bbox 1443 3510 1727 3572; x_wconf 81' lang='lat' dir='ltr'>·versuS,</span> <span class='ocrx_word' id='word_1_185' title='bbox 1790 3491 2039 3574; x_wconf 89' lang='lat' dir='ltr'>quibus</span> <span class='ocrx_word' id='word_1_186' title='bbox 2081 3491 2320 3572; x_wconf 89' lang='lat' dir='ltr'>utitur,</span> <span class='ocrx_word' id='word_1_187' title='bbox 2355 3492 2506 3576; x_wconf 84' lang='lat' dir='ltr'>regi</span> <span class='ocrx_word' id='word_1_188' title='bbox 2538 3492 2855 3576; x_wconf 85' lang='lat' dir='ltr'>flectique</span> <span class='ocrx_word' id='word_1_189' title='bbox 2919 3493 3244 3558; x_wconf 91' lang='lat' dir='ltr'>debeant.</span> 
     </span>
     <span class='ocr_line' id='line_1_26' title="bbox 985 3605 3255 3695; baseline -0 -23"><span class='ocrx_word' id='word_1_190' title='bbox 985 3610 1392 3690; x_wconf 86' lang='lat' dir='ltr'>Quanquam</span> <span class='ocrx_word' id='word_1_191' title='bbox 1448 3606 1624 3672; x_wconf 80' lang='lat' dir='ltr'>sexti</span> <span class='ocrx_word' id='word_1_192' title='bbox 1682 3605 1931 3672; x_wconf 91' lang='lat' dir='ltr'>decimi</span> <span class='ocrx_word' id='word_1_193' title='bbox 1979 3605 2217 3672; x_wconf 84' lang='lat' dir='ltr'>saeculi</span> <span class='ocrx_word' id='word_1_194' title='bbox 2262 3612 2511 3690; x_wconf 45' lang='lat' dir='ltr'>poetae,</span> <span class='ocrx_word' id='word_1_195' title='bbox 2551 3607 2952 3673; x_wconf 89' lang='lat' dir='ltr'>Ronsardus</span> <span class='ocrx_word' id='word_1_196' title='bbox 2996 3608 3066 3672; x_wconf 95' lang='lat' dir='ltr'>in</span> <span class='ocrx_word' id='word_1_197' title='bbox 3109 3606 3255 3695; x_wconf 91' lang='lat' dir='ltr'>pri-</span> 
     </span>
     <span class='ocr_line' id='line_1_27' title="bbox 989 3718 3246 3803; baseline -0 -18"><span class='ocrx_word' id='word_1_198' title='bbox 989 3720 1144 3800; x_wconf 81' lang='lat' dir='ltr'>miS,</span> <span class='ocrx_word' id='word_1_199' title='bbox 1202 3719 1410 3785; x_wconf 91' lang='lat' dir='ltr'>nullis</span> <span class='ocrx_word' id='word_1_200' title='bbox 1466 3718 1787 3784; x_wconf 90' lang='lat' dir='ltr'>laudibus</span> <span class='ocrx_word' id='word_1_201' title='bbox 1845 3719 2072 3801; x_wconf 82' lang='lat' dir='ltr'>magis</span> <span class='ocrx_word' id='word_1_202' title='bbox 2128 3718 2721 3798; x_wconf 89' lang='lat' dir='ltr'>commendentur,</span> <span class='ocrx_word' id='word_1_203' title='bbox 2791 3737 2997 3803; x_wconf 91' lang='lat' dir='ltr'>quam</span> <span class='ocrx_word' id='word_1_204' title='bbox 3060 3720 3246 3803; x_wconf 88' lang='lat' dir='ltr'>quod</span> 
     </span>
     <span class='ocr_line' id='line_1_28' title="bbox 990 3833 3253 3922; baseline -0.001 -20"><span class='ocrx_word' id='word_1_205' title='bbox 990 3833 1387 3922; x_wconf 88' lang='lat' dir='ltr'>peritissimi</span> <span class='ocrx_word' id='word_1_206' title='bbox 1439 3834 1823 3904; x_wconf 85' lang='lat' dir='ltr'>carminum</span> <span class='ocrx_word' id='word_1_207' title='bbox 1881 3833 2182 3899; x_wconf 78' lang='lat' dir='ltr'>artifices</span> <span class='ocrx_word' id='word_1_208' title='bbox 2234 3833 2532 3910; x_wconf 82' lang='lat' dir='ltr'>fuerunt,</span> <span class='ocrx_word' id='word_1_209' title='bbox 2557 3852 2695 3898; x_wconf 91' lang='lat' dir='ltr'>non</span> <span class='ocrx_word' id='word_1_210' title='bbox 2735 3837 2970 3899; x_wconf 85' lang='lat' dir='ltr'>tamen</span> <span class='ocrx_word' id='word_1_211' title='bbox 2995 3852 3253 3917; x_wconf 85' lang='lat' dir='ltr'>negan-</span> 
     </span>
     <span class='ocr_line' id='line_1_29' title="bbox 988 3947 3245 4035; baseline -0.001 -19"><span class='ocrx_word' id='word_1_212' title='bbox 988 3952 1152 4032; x_wconf 80' lang='lat' dir='ltr'>dum</span> <span class='ocrx_word' id='word_1_213' title='bbox 1182 3968 1302 4015; x_wconf 92' lang='lat' dir='ltr'>eos</span> <span class='ocrx_word' id='word_1_214' title='bbox 1337 3947 1576 4031; x_wconf 82' lang='lat' dir='ltr'>magni</span> <span class='ocrx_word' id='word_1_215' title='bbox 1614 3966 1857 4013; x_wconf 86' lang='lat' dir='ltr'>versus</span> <span class='ocrx_word' id='word_1_216' title='bbox 1891 3948 2033 4012; x_wconf 89' lang='lat' dir='ltr'>vim</span> <span class='ocrx_word' id='word_1_217' title='bbox 2069 3950 2136 4012; x_wconf 85' lang='lat' dir='ltr'>et</span> <span class='ocrx_word' id='word_1_218' title='bbox 2176 3949 2471 4013; x_wconf 86' lang='lat' dir='ltr'>formam</span> <span class='ocrx_word' id='word_1_219' title='bbox 2506 3966 2749 4035; x_wconf 92' lang='lat' dir='ltr'>parum</span> <span class='ocrx_word' id='word_1_220' title='bbox 2795 3947 3245 4014; x_wconf 82' lang='lat' dir='ltr'>intellexisse.</span> 
     </span>
     <span class='ocr_line' id='line_1_30' title="bbox 990 4060 3248 4147; baseline -0.001 -18"><span class='ocrx_word' id='word_1_221' title='bbox 990 4063 1341 4130; x_wconf 88' lang='lat' dir='ltr'>Valkelini</span> <span class='ocrx_word' id='word_1_222' title='bbox 1385 4061 1719 4142; x_wconf 83' lang='lat' dir='ltr'>carmina,</span> <span class='ocrx_word' id='word_1_223' title='bbox 1763 4060 1991 4128; x_wconf 87' lang='lat' dir='ltr'>soluta</span> <span class='ocrx_word' id='word_1_224' title='bbox 2029 4061 2517 4145; x_wconf 87' lang='lat' dir='ltr'>inconditaque</span> <span class='ocrx_word' id='word_1_225' title='bbox 2564 4061 2766 4147; x_wconf 92' lang='lat' dir='ltr'>copia</span> <span class='ocrx_word' id='word_1_226' title='bbox 2813 4062 3248 4147; x_wconf 88' lang='lat' dir='ltr'>profluentia,</span> 
     </span>
     <span class='ocr_line' id='line_1_31' title="bbox 989 4174 3249 4259; baseline -0.001 -17"><span class='ocrx_word' id='word_1_227' title='bbox 989 4188 1248 4242; x_wconf 80' lang='lat' dir='ltr'>temere</span> <span class='ocrx_word' id='word_1_228' title='bbox 1285 4175 1448 4241; x_wconf 83' lang='lat' dir='ltr'>ferri</span> <span class='ocrx_word' id='word_1_229' title='bbox 1484 4175 1838 4258; x_wconf 80' lang='lat' dir='ltr'>videntur3</span> <span class='ocrx_word' id='word_1_230' title='bbox 1869 4193 2007 4241; x_wconf 88' lang='lat' dir='ltr'>non</span> <span class='ocrx_word' id='word_1_231' title='bbox 2036 4175 2313 4259; x_wconf 90' lang='lat' dir='ltr'>quidem</span> <span class='ocrx_word' id='word_1_232' title='bbox 2340 4174 2507 4241; x_wconf 92' lang='lat' dir='ltr'>illud</span> <span class='ocrx_word' id='word_1_233' title='bbox 2548 4174 2717 4240; x_wconf 81' lang='lat' dir='ltr'>vitio</span> <span class='ocrx_word' id='word_1_234' title='bbox 2747 4174 2810 4240; x_wconf 89' lang='lat' dir='ltr'>ei</span> <span class='ocrx_word' id='word_1_235' title='bbox 2843 4175 3249 4241; x_wconf 85' lang='lat' dir='ltr'>vertendum</span> 
     </span>
     <span class='ocr_line' id='line_1_32' title="bbox 990 4287 3255 4374; baseline -0.001 -19"><span class='ocrx_word' id='word_1_236' title='bbox 990 4294 1118 4369; x_wconf 85' lang='lat' dir='ltr'>est,</span> <span class='ocrx_word' id='word_1_237' title='bbox 1163 4289 1345 4374; x_wconf 92' lang='lat' dir='ltr'>quod</span> <span class='ocrx_word' id='word_1_238' title='bbox 1381 4307 1520 4354; x_wconf 84' lang='lat' dir='ltr'>non</span> <span class='ocrx_word' id='word_1_239' title='bbox 1555 4294 1745 4354; x_wconf 90' lang='lat' dir='ltr'>certa</span> <span class='ocrx_word' id='word_1_240' title='bbox 1779 4293 2237 4371; x_wconf 85' lang='lat' dir='ltr'>constansque</span> <span class='ocrx_word' id='word_1_241' title='bbox 2272 4305 2542 4354; x_wconf 85' lang='lat' dir='ltr'>caesura</span> <span class='ocrx_word' id='word_1_242' title='bbox 2579 4287 2693 4369; x_wconf 88' lang='lat' dir='ltr'>sit,</span> <span class='ocrx_word' id='word_1_243' title='bbox 2739 4288 3058 4371; x_wconf 91' lang='lat' dir='ltr'>quodque</span> <span class='ocrx_word' id='word_1_244' title='bbox 3094 4305 3255 4353; x_wconf 84' lang='lat' dir='ltr'>ver-</span> 
     </span>
     <span class='ocr_line' id='line_1_33' title="bbox 991 4401 3248 4486; baseline -0.001 -17"><span class='ocrx_word' id='word_1_245' title='bbox 991 4421 1108 4469; x_wconf 86' lang='lat' dir='ltr'>sus</span> <span class='ocrx_word' id='word_1_246' title='bbox 1146 4402 1322 4467; x_wconf 88' lang='lat' dir='ltr'>alter</span> <span class='ocrx_word' id='word_1_247' title='bbox 1361 4402 1617 4486; x_wconf 81' lang='lat' dir='ltr'>saepius</span> <span class='ocrx_word' id='word_1_248' title='bbox 1648 4402 1717 4467; x_wconf 90' lang='lat' dir='ltr'>in</span> <span class='ocrx_word' id='word_1_249' title='bbox 1748 4401 2044 4467; x_wconf 89' lang='lat' dir='ltr'>alterum</span> <span class='ocrx_word' id='word_1_250' title='bbox 2078 4401 2465 4486; x_wconf 77' lang='lat' dir='ltr'>transiliat3</span> <span class='ocrx_word' id='word_1_251' title='bbox 2513 4401 2636 4466; x_wconf 89' lang='lat' dir='ltr'>sed</span> <span class='ocrx_word' id='word_1_252' title='bbox 2672 4420 2757 4467; x_wconf 82' lang='lat' dir='ltr'>ex</span> <span class='ocrx_word' id='word_1_253' title='bbox 2788 4401 2920 4467; x_wconf 87' lang='lat' dir='ltr'>hac</span> <span class='ocrx_word' id='word_1_254' title='bbox 2943 4401 3248 4485; x_wconf 86' lang='lat' dir='ltr'>licentia,</span> 
     </span>
    </p>
   </div>
   <div class='ocr_carea' id='block_1_6' title="bbox 992 4531 1334 4544">
    <p class='ocr_par' dir='ltr' id='par_1_7' title="bbox 992 4531 1334 4544">
     <span class='ocr_line' id='line_1_34' title="bbox 992 4531 1334 4544; baseline 0 1185"><span class='ocrx_word' id='word_1_255' title='bbox 992 4531 1334 4544; x_wconf 95' lang='lat' dir='ltr'> </span> 
     </span>
    </p>
   </div>
   <div class='ocr_carea' id='block_1_7' title="bbox 1039 4600 1293 4720">
    <p class='ocr_par' dir='ltr' id='par_1_8' title="bbox 1039 4600 1293 4720">
     <span class='ocr_line' id='line_1_35' title="bbox 1039 4600 1293 4652; baseline 0.004 -9"><span class='ocrx_word' id='word_1_256' title='bbox 1039 4601 1102 4652; x_wconf 77' lang='lat'>(1)</span> <span class='ocrx_word' id='word_1_257' title='bbox 1131 4600 1238 4644; x_wconf 88' lang='lat' dir='ltr'>Lib.</span> <span class='ocrx_word' id='word_1_258' title='bbox 1256 4601 1293 4644; x_wconf 92' lang='lat'>1.</span> 
     </span>
     <span class='ocr_line' id='line_1_36' title="bbox 1041 4668 1254 4720; baseline 0.014 -10"><span class='ocrx_word' id='word_1_259' title='bbox 1041 4670 1102 4720; x_wconf 69' lang='lat'>(2)</span> <span class='ocrx_word' id='word_1_260' title='bbox 1129 4668 1254 4713; x_wconf 72' lang='lat' dir='ltr'>mid.</span> 
     </span>
    </p>
   </div>
  </div>
 </body>
</html>
