3561 5729
1846 635 2168 699 ...78-

964 782 1034 847 2⁰
1077 779 1184 847 De
1213 778 1550 870 Hymnis.
1587 818 1678 827 —
1709 782 1803 847 De
1853 781 2129 865 hymnis
2171 798 2393 866 pauca
2433 779 2644 847 tradit
2676 778 3127 864 Valkelinus3

879 896 1046 963 satis
1079 896 1287 963 habet
1321 896 1831 986 praecipuorum
1857 900 2116 975 vatum,
2161 896 2277 981 qui
2312 896 2383 962 in
2417 897 2549 962 hoc
2590 914 2850 980 genere
2887 896 3137 961 florue-

881 1012 1064 1091 runt,
1119 1010 1404 1076 nomina
1447 1010 1837 1094 promiscue
1889 1027 2459 1092 commemorare,
2507 1010 2788 1094 Orphei,
2827 1007 3133 1090 Homeri,

881 1121 1309 1202 Callimachi,
1382 1120 1684 1203 Marulli,
1766 1120 2152 1202 Claudiani,
2208 1121 2455 1205 quibus
2520 1121 2851 1198 Davidem
2930 1121 3138 1187 etiam

882 1233 1218 1320 adjungit.
1283 1233 1632 1299 Pelletarii
1696 1233 2100 1300 facilitatem
2160 1252 2406 1319 parum
2476 1234 2747 1300 meritis
2816 1234 3139 1300 laudibus

884 1347 1129 1430 afficit,
1190 1349 1761 1431 Ronsardumque
1815 1349 2116 1413 affirmat
2163 1347 2511 1414 veteribus
2568 1348 2640 1413 in
2697 1348 2830 1414 hoc
2878 1365 3139 1432 genere

882 1461 1312 1547 praestitisse.
1361 1463 1456 1528 De
1495 1462 1753 1546 hymno
1809 1461 2183 1530 hactenus:
2226 1461 2398 1527 nihil
2443 1462 2531 1528 ad
2582 1461 2806 1552 ipsam
2862 1461 3145 1547 generis

883 1581 1205 1642 naturam
1237 1578 1527 1661 spectat.
1942 1648 1955 1655 ,

970 1690 1040 1755 3⁰
1068 1689 1175 1755 De
1212 1686 1488 1777 Eleqia.
1528 1726 1619 1736 —
1669 1690 1763 1755 De
1808 1688 2036 1773 elegia
2077 1708 2217 1755 non
2266 1689 2488 1775 plura.
2547 1689 2812 1756 Horatii
2870 1707 3139 1770 versuS‚

884 1802 999 1886 qui
1033 1804 1120 1868 ad
1157 1821 1312 1869 eam
1338 1803 1706 1888 pertinent,
1744 1803 1993 1888 repetit
2015 1802 2449 1886 Valkelinus,
2481 1804 2813 1888 docetque
2839 1804 2957 1888 qui
2988 1821 3146 1869 ver-

884 1935 1084 1984 suum
1118 1917 1389 1984 numeri
1424 1935 1508 1984 ac
1532 1918 1718 1983 modi
1740 1917 1828 1983 ad
1862 1918 1994 1983 hoc
2018 1936 2240 2002 genus
2260 1919 2767 1986 accommodari
2794 1919 3138 1985 debeant:

1775 2166 1793 2183 .
1888 2116 2016 2184 Ces
2051 2115 2344 2205 plaintes
2376 2098 2731 2183 inventees

1021 2230 1157 2296 Par
1185 2246 1312 2294 nos
1343 2228 1793 2295 alexandrins
1825 2230 1982 2294 sont
2013 2228 2173 2294 bien
2206 2226 2685 2313 representees

1018 2344 1102 2410 Et
1134 2361 1261 2431 par
1292 2343 1397 2409 les
1428 2360 1585 2408 vers
1614 2360 1999 2424 communS,
2034 2342 2169 2408 soit
2202 2360 2334 2425 que
2365 2342 2833 2408 diversement

1017 2458 1119 2523 En
1152 2459 1425 2523 stances
1459 2456 1546 2522 ils
1578 2455 1804 2522 soient
1834 2455 1990 2537 mia,
2028 2473 2118 2521 ou
2154 2454 2313 2522 bien
2331 2454 2548 2540 joinls
2583 2455 2974 2522 autrement
3024 2452 3138 2539 (l).

884 2658 1190 2744 Denique
1232 2660 1472 2744 poetas
1514 2657 1829 2724 hortatur
1871 2659 1946 2725 ut
1985 2660 2230 2727 breves
2277 2659 2414 2726 sint
2459 2661 2529 2725 et
2581 2680 2618 2722 «
2658 2656 3146 2746 politissimum

884 2772 1198 2857 Cynthiae
1229 2771 1529 2838 amicum
1562 2793 1596 2834 »
1639 2775 2037 2856 sequantur.

974 2988 1058 3053 ΙΙ.
1098 2988 1197 3052 ΒΕ
1227 2988 1441 3054 ΕΡῐοο
1476 3004 1825 3055 cARmNE.
1860 3027 1948 3036 —
1984 2990 2223 3073 Nobis,
2266 2990 2466 3057 Fabri
2507 2987 2910 3073 Sibiletique
2945 2989 3149 3054 Artes

885 3099 1192 3189 poeticas
1238 3100 1768 3181 excutientibus,
1830 3104 2066 3168 vetera
2143 3102 2499 3169 Gallorum
2568 3103 2805 3167 vatum
2868 3099 3149 3166 herci'ca

886 3213 1235 3279 oblivione
1265 3231 1345 3278 ac
1376 3213 1649 3280 silentio
1676 3233 1875 3299 paene
1911 3234 2139 3283 mersa
2160 3216 2581 3301 jampridem
2611 3232 2765 3281 esse
2800 3211 3141 3299 apparuit.

886 3328 1053 3393 Haec
1096 3326 1392 3409 grandia
1444 3327 1742 3411 primum
1790 3329 2128 3414 fortiaque
2182 3331 2525 3419 poemata,
2577 3347 2735 3412 quae
2789 3346 2950 3393 mox
2998 3324 3150 3391 dul-

885 3439 1110 3505 ciores
1143 3438 1400 3504 amoris
1433 3439 1717 3505 affectus
1752 3459 1889 3506 non
1939 3446 2446 3508 enervaverunt
2478 3441 2783 3525 quidem,
2822 3440 2947 3506 sed
2978 3438 3151 3504 mol-

882 3550 1058 3615 liore
1095 3549 1394 3633 quodam
1437 3567 1602 3615 suco
1645 3550 2061 3628 imbuerunt,
2105 3553 2437 3638 paulatim
2484 3553 2571 3618 ad
2611 3552 2904 3636 frigidas
2939 3551 3152 3617 insul-

888 3682 1139 3747 sasque
1188 3660 1561 3748 ἀλληγορίας,
1614 3664 1701 3729 ad
1736 3666 2108 3732 amatorias
2150 3666 2624 3752 cavillationes
2666 3670 2735 3732 et
2767 3664 3151 3750 argutiolas

888 3773 1422 3859 descenderant;
1474 3773 1546 3837 in
1597 3773 1876 3839 Orlandi
1927 3777 2345 3862 Arthurique
2393 3778 2622 3845 locum
2676 3778 2750 3844 hi
2801 3796 3154 3845 successe—

889 3889 1047 3953 rant
1080 3886 1316 3953 belluli
1351 3887 1785 3969 amatorculi,
1824 3889 2062 3972 quales
2094 3890 2363 3975 effingit
2396 3911 2644 3978 poema
2676 3890 2760 3959 de
2786 3893 2977 3960 Rosa
3012 3893 3154 3959 ins-

889 4000 1209 4087 criptum.
1268 4000 1791 4083 Languescebat
1835 3999 2049 4084 igitur
2079 4002 2148 4067 in
2185 4003 2295 4069 his
2338 4003 2674 4071 futtilibus
2707 4005 2921 4089 nugis
2956 4003 3151 4092 epica

889 4116 1250 4199 poetarum
1274 4130 1477 4192 vena,
1511 4130 1665 4178 cum
1695 4110 1908 4195 Ilias,
1951 4112 2253 4203 Odyssea
2276 4115 2663 4202 AEneisque
2691 4118 2763 4183 in
2788 4118 3151 4184 hominum

886 4225 1201 4291 notitiam
1240 4228 1727 4313 pervenerunt,
1765 4226 2172 4310 vatibusque
2216 4230 2493 4311 nostris,
2528 4231 2933 4298 domesticae
2976 4230 3156 4297 anti-

885 4336 1166 4421 quitatis
1205 4337 1520 4417 rudibus,
1567 4354 1912 4402 summum
1951 4340 2343 4406 vernaculae
2382 4343 2601 4408 Musae
2645 4343 3005 4410 fastidium
3050 4343 3157 4409 in-

884 4466 1188 4516 cussere.
1260 4450 1723 4515 Tentaverunt
1800 4449 2014 4533 igitur
2082 4452 2362 4520 Homeri
2426 4454 2859 4540 Vergiliique
2923 4455 3157 4523 imita-

938 4657 1175 4714 (1)‚va1k.
1199 4657 1296 4700 Are
1310 4659 1452 4710 poet„
1473 4655 1510 4699 1.
