3561 5729
1301 606 1625 668 ...91-

324 756 494 820 lent.
571 753 704 820 Sed
761 755 994 818 tamen
1054 769 1192 818 non
1248 751 1401 817 haec
1461 755 1567 818 est
1616 770 1784 818 vera
1838 752 2246 838 sinceraque
2302 755 2594 822 bucolici

324 866 672 954 poematis
701 871 949 931 natura
987 879 1001 928 ε
1042 864 1111 930 in
1146 863 1254 929 his
1287 882 1559 947 quoque
1589 863 1894 949 putidior
1925 883 2153 932 sermo
2186 870 2314 950 est,
2344 887 2475 952 exq
2490 868 2599 935 ui-

324 980 608 1048 sitiores
659 977 1025 1046 sententiae
1090 996 1297 1062 quam
1340 979 1414 1044 ut
1464 979 1536 1044 in
1593 981 1952 1064 pastorum
2008 979 2220 1046 vitam
2285 980 2597 1049 incidere

325 1096 601 1182 possint
625 1093 733 1182 (1).
763 1094 1090 1171 Quamvis
1122 1095 1497 1179 ingenuam
1528 1094 1806 1161 rusticae
1839 1095 2070 1183 poesis
2099 1115 2347 1162 venam
2379 1097 2597 1165 multa

324 1208 399 1274 in
464 1226 677 1294 opere
735 1208 1153 1292 significent,
1209 1207 1297 1273 ad
1365 1206 1659 1273 bellulos
1709 1205 1993 1274 Astroeoe
2048 1210 2384 1296 pastoreS‚
2436 1229 2594 1294 quae

325 1328 486 1412 post
538 1324 802 1408 aliquot
856 1341 1076 1390 annos
1132 1323 1317 1389 edita
1363 1323 1515 1403 fuit,
1567 1322 1794 1407 potius
1852 1340 2058 1408 quam
2110 1324 2199 1389 ad
2255 1324 2597 1391 Theocriti

322 1435 690 1516 Bucolica,
722 1441 939 1503 totum
977 1435 1302 1503 volumen
1326 1435 1571 1502 referri
1599 1436 1826 1503 debet.

417 1656 536 1720 Ν.
588 1656 688 1719 ΒΕ
732 1669 1103 1720 1>1DAcr1co
1152 1669 1464 1719 GENERE.
1523 1688 1614 1700 —-
1676 1656 1738 1720 1⁰
1784 1652 1891 1719 De
1936 1651 2214 1742 proprie
2263 1651 2599 1724 didactico

313 1768 649 1857 poemate.
682 1804 772 1814 —
800 1768 945 1831 Hoc
978 1784 1202 1850 genus
1237 1765 1591 1832 levissime
1628 1764 2038 1832 Valkelinus
2076 1766 2375 1852 attingit..
2420 1767 2594 1835 Illud

326 1879 723 1964 praesertim
783 1878 1156 1944 notandum
1225 1877 1520 1958 videtur,
1592 1878 2007 1945 didacticum
2040 1898 2290 1965 poema
2365 1881 2453 1947 ab
2512 1899 2596 1948 eo

325 1991 490 2058 duci
529 2010 656 2077 pro
692 1991 919 2056 medio
950 1990 1247 2074 quodam
1291 1990 1469 2055 inter
1514 1989 1828 2056 bucolica
1875 1990 2282 2079 epicumque
2314 2011 2597 2059 carmen

321 2123 631 2191 genere3
662 2105 892 2189 itaque
919 2104 1006 2169 ad
1048 2104 1110 2169 id
1146 2122 1318 2188 opus
1344 2103 1527 2169 hunc
1555 2108 1829 2188 poetam
1854 2109 2080 2183 vocat,
2114 2105 2250 2187 cui,
2280 2104 2596 2190 quamvis

320 2219 682 2285 heroicum
718 2236 853 2283 non
899 2217 1067 2283 satis
1093 2217 1332 2305 spiret,
1365 2218 1589 2301 majus
1610 2223 1840 2283 tamen
1861 2216 2205 2302 altiusque
2235 2218 2594 2303 ingenium

323 2337 460 2417 est,
495 2352 701 2418 quam
734 2336 810 2399 ut
843 2332 1026 2398 intra
1055 2331 1524 2398 bucolicorum
1564 2333 1737 2399 fines
1766 2351 1921 2400 sese
1952 2333 2323 2401 contineat.

510 2496 580 2563 Si
610 2495 815 2562 d'une
850 2495 1107 2580 longue
1137 2494 1492 2568 alaineun
1524 2496 1635 2561 bel
1672 2514 1914 2562 oeuvre
1944 2498 2019 2562 tu
2046 2515 2231 2563 veux

512 2609 822 2675 Parfaire
857 2626 1032 2694 pour
1065 2626 1306 2696 passer
1318 2608 1692 2693 jusqu'aux
1722 2609 2036 2676 derniers
2070 2629 2368 2690 neven,

511 2723 771 2789 Chante
798 2724 961 2789 d'un
994 2722 1100 2788 air
1132 2740 1409 2807 moyen,
1445 2740 1583 2788 non
1611 2722 1702 2788 tel
1738 2742 1871 2807 que
1901 2722 2313 2808 l'heroi‘que,

512 2837 597 2904 Ni
631 2838 690 2904 si
729 2838 850 2904 bas
885 2836 1307 2903 descendant
1336 2855 1468 2922 que
1503 2835 1568 2903 le
1604 2855 1760 2904 vers
1796 2837 2186 2921 bucolique‚

510 2952 684 3019 Mais
716 2951 831 3036 qui
858 2952 943 3016 de
973 2951 1116 3016 l’un
1146 2954 1213 3015 et
1245 2950 1490 3017 l’autre
1525 2969 1619 3016 un
1655 2969 1812 3017 vers
1841 2951 2197 3017 enlassera

510 3069 635 3145 Qui
670 3070 930 3135 tantost
960 3066 1296 3133 s’elevant
1327 3069 1585 3132 tantost
1615 3066 2029 3133 s’abaissera
2053 3067 2157 3154 (2).

325 3245 548 3321 Nobis
598 3246 884 3312 inferius
916 3244 1007 3331 (3)
1059 3244 1484 3333 exploranda
1535 3245 1666 3310 erit
1713 3244 2059 3310 Valkelini
2116 3247 2247 3310 Ars
2296 3246 2592 3333 poetica,

325 3379 470 3426 non
495 3362 643 3444 jam
678 3359 910 3444 qualia
940 3361 1288 3446 praecepta
1313 3357 1857 3441 documentaque
1879 3357 2129 3438 tradat,
2168 3358 2590 3441 quaesituris,

325 3474 454 3540 sed
492 3472 835 3557 quomodo
881 3471 1295 3536 didacticum
1328 3469 1661 3554 ejusmodi
1701 3488 1874 3554 opus
1903 3470 2134 3535 animo
2169 3470 2585 3558 conceperit.

417 3590 485 3652 2⁰
531 3587 637 3652 De
669 3581 998 3674 Epistula
1030 3602 1110 3650 ac
1132 3580 1399 3650 Satira.
1433 3619 1524 3630 ——
1556 3583 1935 3672 Epistulam
1966 3585 2339 3669 elegosque
2382 3585 2593 3650 artis-

324 3701 509 3768 sima
542 3697 956 3783 cognatione
1000 3697 1182 3761 inter
1231 3715 1305 3761 se
1346 3694 1681 3761 contineri
1719 3695 2069 3776 Sibiletus.
2101 3699 2416 3782 utsupra
2451 3715 2596 3762 me-

326 3819 675 3883 moratum
730 3824 858 3893 est,
916 3816 1130 3897 putat.
1183 3811 1513 3896 Epistulae
1556 3811 1969 3878 Pelletarius
2024 3830 2161 3877 non
2196 3812 2592 3879 incuriosus

327 3933 461 4009 est,
524 3929 808 3995 satiram
885 3943 1050 3992 vero
1133 3944 1255 4010 pro
1324 3942 1533 4013 opere
1611 3926 1868 3991 nullius
1947 3924 2273 3991 momenti
2354 3925 2590 3991 habet.

331 4041 644 4108 Alterum
679 4057 902 4123 genus
937 4039 1242 4103 Marotus
1274 4036 1569 4122 primum
1599 4035 1671 4102 in
1705 4037 1932 4103 Gallia
1961 4041 2414 4121 tractaveram
2447 4037 2597 4121 ejus

330 4174 498 4221 vero
533 4173 712 4220 nunc
763 4152 970 4218 etiam
1015 4151 1326 4217 seruntur
1361 4150 1595 4217 multae
1630 4169 1845 4239 prope
1878 4150 2203 4239 perfectae
2246 4150 2589 4237 epistulae.

331 4267 635 4334 Alterius
670 4284 884 4350 usque
923 4265 1010 4330 ad
1055 4263 1492 4330 Ronsardum
1531 4264 1816 4347 ejusque
1865 4263 2242 4349 discipulos
2289 4262 2598 4337 insolens

384 4494 443 4544 (ll
478 4493 536 4536 V.
555 4490 937 4538 Sainte-Beuve.
962 4489 1162 4533 Tabuau
1179 4489 1236 4532 do
1253 4489 1301 4532 la
1315 4489 1472 4543 ροόειο
1491 4501 1556 4531 au
1577 4489 1622 4532 Χ
1631 4488 1709 4532 V1·
1725 4488 1875 4546 σι’ὸοζο,

381 4572 448 4626 12)
477 4571 584 4616 Lib.
606 4571 644 4615 1.

385 4646 450 4700 (3)
479 4647 597 4719 Cap.
617 4647 678 4708 V,
