<?xml version="1.0" encoding="UTF-8"?>
<!DOCTYPE html PUBLIC "-//W3C//DTD XHTML 1.0 Transitional//EN"
    "http://www.w3.org/TR/xhtml1/DTD/xhtml1-transitional.dtd">
<html xmlns="http://www.w3.org/1999/xhtml" xml:lang="en" lang="en">
 <head>
  <title>
</title>
<meta http-equiv="Content-Type" content="text/html;charset=utf-8" />
  <meta name='ocr-system' content='tesseract 3.04.00' />
  <meta name='ocr-capabilities' content='ocr_page ocr_carea ocr_par ocr_line ocrx_word'/>
</head>
<body>
  <div class='ocr_page' id='page_1' title='image "./desextidecimisa00pellgoog_0056.png"; bbox 0 0 3561 5729; ppageno 0'>
   <div class='ocr_carea' id='block_1_1' title="bbox 1857 583 2173 645">
    <p class='ocr_par' dir='ltr' id='par_1_1' title="bbox 1857 583 2173 645">
     <span class='ocr_line' id='line_1_1' title="bbox 1857 583 2173 645; baseline 0.016 -18"><span class='ocrx_word' id='word_1_1' title='bbox 1857 583 2173 645; x_wconf 75' lang='lat'>...52-</span> 
     </span>
    </p>
   </div>
   <div class='ocr_carea' id='block_1_2' title="bbox 876 725 3232 4345">
    <p class='ocr_par' dir='ltr' id='par_1_2' title="bbox 878 725 3138 1045">
     <span class='ocr_line' id='line_1_2' title="bbox 878 725 3137 814; baseline 0.003 -22"><span class='ocrx_word' id='word_1_2' title='bbox 878 727 1280 794; x_wconf 89' lang='lat' dir='ltr'>transcribit</span> <span class='ocrx_word' id='word_1_3' title='bbox 1315 725 1424 814; x_wconf 90' lang='lat' dir='ltr'>(l).</span> <span class='ocrx_word' id='word_1_4' title='bbox 1471 750 1503 788; x_wconf 92' lang='lat'>«</span> <span class='ocrx_word' id='word_1_5' title='bbox 1532 726 1683 813; x_wconf 88' lang='lat' dir='ltr'>J&#39;ay</span> <span class='ocrx_word' id='word_1_6' title='bbox 1714 725 1959 793; x_wconf 76' lang='lat' dir='ltr'>traicte</span> <span class='ocrx_word' id='word_1_7' title='bbox 2000 747 2085 793; x_wconf 90' lang='lat' dir='ltr'>en</span> <span class='ocrx_word' id='word_1_8' title='bbox 2126 746 2241 794; x_wconf 93' lang='lat' dir='ltr'>ces</span> <span class='ocrx_word' id='word_1_9' title='bbox 2285 727 2469 794; x_wconf 82' lang='lat' dir='ltr'>deux</span> <span class='ocrx_word' id='word_1_10' title='bbox 2503 728 2713 796; x_wconf 91' lang='lat' dir='ltr'>livres</span> <span class='ocrx_word' id='word_1_11' title='bbox 2748 730 2870 796; x_wconf 92' lang='lat' dir='ltr'>des</span> <span class='ocrx_word' id='word_1_12' title='bbox 2914 734 3137 798; x_wconf 86' lang='lat' dir='ltr'>sortes</span> 
     </span>
     <span class='ocr_line' id='line_1_3' title="bbox 878 842 3138 931; baseline 0.002 -23"><span class='ocrx_word' id='word_1_13' title='bbox 878 845 947 908; x_wconf 90' lang='lat' dir='ltr'>et</span> <span class='ocrx_word' id='word_1_14' title='bbox 979 860 1233 925; x_wconf 86' lang='lat' dir='ltr'>genres</span> <span class='ocrx_word' id='word_1_15' title='bbox 1268 842 1351 907; x_wconf 90' lang='lat' dir='ltr'>de</span> <span class='ocrx_word' id='word_1_16' title='bbox 1396 843 1676 926; x_wconf 83' lang='lat' dir='ltr'>poemes</span> <span class='ocrx_word' id='word_1_17' title='bbox 1710 842 1824 926; x_wconf 91' lang='lat' dir='ltr'>qui</span> <span class='ocrx_word' id='word_1_18' title='bbox 1862 844 2018 908; x_wconf 90' lang='lat' dir='ltr'>sont</span> <span class='ocrx_word' id='word_1_19' title='bbox 2047 846 2379 909; x_wconf 89' lang='lat' dir='ltr'>contenus</span> <span class='ocrx_word' id='word_1_20' title='bbox 2409 861 2484 910; x_wconf 92' lang='lat' dir='ltr'>es</span> <span class='ocrx_word' id='word_1_21' title='bbox 2522 845 2755 910; x_wconf 79' lang='lat' dir='ltr'>autres</span> <span class='ocrx_word' id='word_1_22' title='bbox 2793 847 2937 912; x_wconf 85' lang='lat' dir='ltr'>arts</span> <span class='ocrx_word' id='word_1_23' title='bbox 2973 843 3138 931; x_wconf 71' lang='lat' dir='ltr'>poe-</span> 
     </span>
     <span class='ocr_line' id='line_1_4' title="bbox 880 956 3132 1045; baseline 0.002 -22"><span class='ocrx_word' id='word_1_24' title='bbox 880 958 1131 1044; x_wconf 84' lang='lat' dir='ltr'>tiqueS,</span> <span class='ocrx_word' id='word_1_25' title='bbox 1151 959 1220 1023; x_wconf 90' lang='lat' dir='ltr'>et</span> <span class='ocrx_word' id='word_1_26' title='bbox 1239 975 1327 1041; x_wconf 86' lang='lat' dir='ltr'>ay</span> <span class='ocrx_word' id='word_1_27' title='bbox 1357 957 1553 1041; x_wconf 88' lang='lat' dir='ltr'>suyvi</span> <span class='ocrx_word' id='word_1_28' title='bbox 1580 956 1731 1022; x_wconf 89' lang='lat' dir='ltr'>leur</span> <span class='ocrx_word' id='word_1_29' title='bbox 1761 956 1937 1041; x_wconf 80' lang='lat' dir='ltr'><strong>style</strong></span> <span class='ocrx_word' id='word_1_30' title='bbox 1969 975 2055 1022; x_wconf 90' lang='lat' dir='ltr'>en</span> <span class='ocrx_word' id='word_1_31' title='bbox 2082 975 2159 1022; x_wconf 91' lang='lat' dir='ltr'>ce</span> <span class='ocrx_word' id='word_1_32' title='bbox 2189 976 2320 1040; x_wconf 91' lang='lat' dir='ltr'>que</span> <span class='ocrx_word' id='word_1_33' title='bbox 2340 957 2474 1022; x_wconf 88' lang='lat' dir='ltr'>m&#39;a</span> <span class='ocrx_word' id='word_1_34' title='bbox 2499 956 2760 1025; x_wconf 75' lang='lat' dir='ltr'>semble</span> <span class='ocrx_word' id='word_1_35' title='bbox 2788 959 2982 1025; x_wconf 85' lang='lat' dir='ltr'>bon»</span> <span class='ocrx_word' id='word_1_36' title='bbox 3015 958 3132 1045; x_wconf 82' lang='grc'>(2).</span> 
     </span>
    </p>

    <p class='ocr_par' dir='ltr' id='par_1_3' title="bbox 876 1069 3232 3432">
     <span class='ocr_line' id='line_1_5' title="bbox 973 1069 3134 1162; baseline 0 -22"><span class='ocrx_word' id='word_1_37' title='bbox 973 1071 1195 1140; x_wconf 90' lang='lat' dir='ltr'>Ceteri</span> <span class='ocrx_word' id='word_1_38' title='bbox 1241 1070 1399 1136; x_wconf 83' lang='lat' dir='ltr'><strong>libri</strong></span> <span class='ocrx_word' id='word_1_39' title='bbox 1430 1070 1515 1135; x_wconf 89' lang='lat' dir='ltr'>de</span> <span class='ocrx_word' id='word_1_40' title='bbox 1550 1069 1927 1153; x_wconf 81' lang='lat' dir='ltr'>generibus</span> <span class='ocrx_word' id='word_1_41' title='bbox 1962 1088 2048 1135; x_wconf 86' lang='lat' dir='ltr'>ex</span> <span class='ocrx_word' id='word_1_42' title='bbox 2082 1069 2487 1154; x_wconf 80' lang='lat' dir='ltr'>antiquitate</span> <span class='ocrx_word' id='word_1_43' title='bbox 2533 1072 2906 1162; x_wconf 84' lang='lat' dir='ltr'>assumptis</span> <span class='ocrx_word' id='word_1_44' title='bbox 2950 1076 3020 1140; x_wconf 91' lang='lat' dir='ltr'>et</span> <span class='ocrx_word' id='word_1_45' title='bbox 3051 1075 3134 1140; x_wconf 90' lang='lat' dir='ltr'>de</span> 
     </span>
     <span class='ocr_line' id='line_1_6' title="bbox 881 1183 3134 1272; baseline 0 -19"><span class='ocrx_word' id='word_1_46' title='bbox 881 1186 1150 1272; x_wconf 87' lang='lat' dir='ltr'>poetico</span> <span class='ocrx_word' id='word_1_47' title='bbox 1200 1203 1519 1252; x_wconf 91' lang='lat' dir='ltr'>sermone</span> <span class='ocrx_word' id='word_1_48' title='bbox 1562 1183 1956 1267; x_wconf 87' lang='lat' dir='ltr'>disserunt;</span> <span class='ocrx_word' id='word_1_49' title='bbox 2023 1184 2093 1249; x_wconf 90' lang='lat' dir='ltr'>in</span> <span class='ocrx_word' id='word_1_50' title='bbox 2149 1184 2258 1249; x_wconf 83' lang='lat' dir='ltr'>his</span> <span class='ocrx_word' id='word_1_51' title='bbox 2304 1203 2471 1250; x_wconf 87' lang='lat' dir='ltr'>vero</span> <span class='ocrx_word' id='word_1_52' title='bbox 2525 1185 2695 1250; x_wconf 91' lang='lat' dir='ltr'>nihil</span> <span class='ocrx_word' id='word_1_53' title='bbox 2739 1205 2952 1272; x_wconf 81' lang='lat' dir='ltr'>prope</span> <span class='ocrx_word' id='word_1_54' title='bbox 3006 1192 3134 1265; x_wconf 88' lang='lat' dir='ltr'>est,</span> 
     </span>
     <span class='ocr_line' id='line_1_7' title="bbox 881 1298 3126 1384; baseline 0 -17"><span class='ocrx_word' id='word_1_55' title='bbox 881 1301 1016 1368; x_wconf 91' lang='lat' dir='ltr'>nisi</span> <span class='ocrx_word' id='word_1_56' title='bbox 1060 1301 1302 1366; x_wconf 87' lang='lat' dir='ltr'>eadem</span> <span class='ocrx_word' id='word_1_57' title='bbox 1356 1299 1508 1383; x_wconf 90' lang='lat' dir='ltr'>ipsa</span> <span class='ocrx_word' id='word_1_58' title='bbox 1552 1317 1709 1383; x_wconf 79' lang='lat' dir='ltr'>quae</span> <span class='ocrx_word' id='word_1_59' title='bbox 1756 1299 1940 1384; x_wconf 87' lang='lat' dir='ltr'>apud</span> <span class='ocrx_word' id='word_1_60' title='bbox 1976 1298 2425 1364; x_wconf 85' lang='lat' dir='ltr'>Valkelinum</span> <span class='ocrx_word' id='word_1_61' title='bbox 2467 1300 2616 1383; x_wconf 84' lang='lat' dir='ltr'>jam</span> <span class='ocrx_word' id='word_1_62' title='bbox 2663 1301 3126 1369; x_wconf 88' lang='lat' dir='ltr'>inveniemus.</span> 
     </span>
     <span class='ocr_line' id='line_1_8' title="bbox 882 1412 3135 1497; baseline 0 -17"><span class='ocrx_word' id='word_1_63' title='bbox 882 1413 1130 1480; x_wconf 89' lang='lat' dir='ltr'>Omnia</span> <span class='ocrx_word' id='word_1_64' title='bbox 1173 1417 1406 1478; x_wconf 88' lang='lat' dir='ltr'>autem</span> <span class='ocrx_word' id='word_1_65' title='bbox 1451 1412 1648 1478; x_wconf 86' lang='lat' dir='ltr'>arido</span> <span class='ocrx_word' id='word_1_66' title='bbox 1704 1430 1990 1497; x_wconf 89' lang='lat' dir='ltr'>prorsus</span> <span class='ocrx_word' id='word_1_67' title='bbox 2043 1415 2248 1496; x_wconf 89' lang='lat' dir='ltr'>atque</span> <span class='ocrx_word' id='word_1_68' title='bbox 2298 1412 2461 1477; x_wconf 75' lang='lat' dir='ltr'>exili</span> <span class='ocrx_word' id='word_1_69' title='bbox 2505 1412 2711 1478; x_wconf 92' lang='lat' dir='ltr'>modo</span> <span class='ocrx_word' id='word_1_70' title='bbox 2744 1414 3135 1481; x_wconf 87' lang='lat' dir='ltr'>traduntur.</span> 
     </span>
     <span class='ocr_line' id='line_1_9' title="bbox 882 1526 3143 1612; baseline 0 -19"><span class='ocrx_word' id='word_1_71' title='bbox 882 1527 1070 1594; x_wconf 88' lang='lat' dir='ltr'>Nihil</span> <span class='ocrx_word' id='word_1_72' title='bbox 1124 1526 1311 1592; x_wconf 88' lang='lat' dir='ltr'>aliud</span> <span class='ocrx_word' id='word_1_73' title='bbox 1368 1526 1772 1612; x_wconf 89' lang='lat' dir='ltr'>plerumque</span> <span class='ocrx_word' id='word_1_74' title='bbox 1822 1526 2019 1592; x_wconf 88' lang='lat' dir='ltr'>docet</span> <span class='ocrx_word' id='word_1_75' title='bbox 2068 1526 2491 1608; x_wconf 80' lang='lat' dir='ltr'>LauduniuS,</span> <span class='ocrx_word' id='word_1_76' title='bbox 2530 1546 2736 1610; x_wconf 88' lang='lat' dir='ltr'>quam</span> <span class='ocrx_word' id='word_1_77' title='bbox 2786 1546 2944 1612; x_wconf 82' lang='lat' dir='ltr'>quae</span> <span class='ocrx_word' id='word_1_78' title='bbox 2989 1547 3143 1595; x_wconf 88' lang='lat' dir='ltr'>ver-</span> 
     </span>
     <span class='ocr_line' id='line_1_10' title="bbox 886 1638 3143 1729; baseline 0.001 -23"><span class='ocrx_word' id='word_1_79' title='bbox 886 1660 1088 1707; x_wconf 91' lang='lat' dir='ltr'>suum</span> <span class='ocrx_word' id='word_1_80' title='bbox 1124 1640 1390 1729; x_wconf 91' lang='lat' dir='ltr'>species</span> <span class='ocrx_word' id='word_1_81' title='bbox 1421 1639 1613 1727; x_wconf 89' lang='lat' dir='ltr'>operi</span> <span class='ocrx_word' id='word_1_82' title='bbox 1630 1638 1877 1725; x_wconf 91' lang='lat' dir='ltr'>cuique</span> <span class='ocrx_word' id='word_1_83' title='bbox 1905 1640 2567 1705; x_wconf 90' lang='lat' dir='ltr'>accommodandum</span> <span class='ocrx_word' id='word_1_84' title='bbox 2598 1641 2688 1706; x_wconf 91' lang='lat' dir='ltr'>sit</span> <span class='ocrx_word' id='word_1_85' title='bbox 2706 1643 2775 1707; x_wconf 88' lang='lat' dir='ltr'>et</span> <span class='ocrx_word' id='word_1_86' title='bbox 2807 1659 2965 1724; x_wconf 80' lang='lat' dir='ltr'>quae</span> <span class='ocrx_word' id='word_1_87' title='bbox 2992 1660 3143 1708; x_wconf 90' lang='lat' dir='ltr'>esse</span> 
     </span>
     <span class='ocr_line' id='line_1_11' title="bbox 885 1728 3144 1843; baseline 0.001 -23"><span class='ocrx_word' id='word_1_88' title='bbox 885 1753 1134 1820; x_wconf 86' lang='lat' dir='ltr'>debeat</span> <span class='ocrx_word' id='word_1_89' title='bbox 1165 1753 1597 1837; x_wconf 82' lang='lat' dir='ltr'>singulorum</span> <span class='ocrx_word' id='word_1_90' title='bbox 1631 1772 1967 1837; x_wconf 83' lang='lat' dir='ltr'>generum</span> <span class='ocrx_word' id='word_1_91' title='bbox 2018 1754 2215 1838; x_wconf 88' lang='lat' dir='ltr'>quasi</span> <span class='ocrx_word' id='word_1_92' title='bbox 2247 1756 2612 1820; x_wconf 72' lang='lat' dir='ltr'>structura.</span> <span class='ocrx_word' id='word_1_93' title='bbox 2648 1728 3040 1843; x_wconf 73' lang='grc' dir='ltr'>Ᾰκροστιχίσιν</span> <span class='ocrx_word' id='word_1_94' title='bbox 3076 1764 3144 1822; x_wconf 91' lang='lat' dir='ltr'>et</span> 
     </span>
     <span class='ocr_line' id='line_1_12' title="bbox 886 1868 3138 1952; baseline 0.001 -19"><span class='ocrx_word' id='word_1_95' title='bbox 886 1868 1526 1952; x_wconf 80' lang='lat' dir='ltr'>anagrammatibus</span> <span class='ocrx_word' id='word_1_96' title='bbox 1587 1868 1801 1934; x_wconf 86' lang='lat' dir='ltr'>multo</span> <span class='ocrx_word' id='word_1_97' title='bbox 1854 1868 2005 1952; x_wconf 81' lang='lat' dir='ltr'>plus</span> <span class='ocrx_word' id='word_1_98' title='bbox 2068 1887 2268 1951; x_wconf 82' lang='lat' dir='ltr'>aequo</span> <span class='ocrx_word' id='word_1_99' title='bbox 2328 1868 2604 1951; x_wconf 80' lang='lat' dir='ltr'>tribuit3</span> <span class='ocrx_word' id='word_1_100' title='bbox 2668 1869 3138 1937; x_wconf 85' lang='lat' dir='ltr'>bucolicorum</span> 
     </span>
     <span class='ocr_line' id='line_1_13' title="bbox 882 1981 3139 2067; baseline -0 -17"><span class='ocrx_word' id='word_1_101' title='bbox 882 1983 1223 2050; x_wconf 86' lang='lat' dir='ltr'>sinceram</span> <span class='ocrx_word' id='word_1_102' title='bbox 1260 1986 1327 2047; x_wconf 93' lang='lat' dir='ltr'>et</span> <span class='ocrx_word' id='word_1_103' title='bbox 1359 1999 1620 2046; x_wconf 89' lang='lat' dir='ltr'>meram</span> <span class='ocrx_word' id='word_1_104' title='bbox 1664 1982 1806 2046; x_wconf 90' lang='lat' dir='ltr'>vim</span> <span class='ocrx_word' id='word_1_105' title='bbox 1841 1999 2086 2066; x_wconf 87' lang='lat' dir='ltr'>parum</span> <span class='ocrx_word' id='word_1_106' title='bbox 2126 1981 2492 2064; x_wconf 81' lang='lat' dir='ltr'>intellegit,</span> <span class='ocrx_word' id='word_1_107' title='bbox 2544 1982 2945 2067; x_wconf 88' lang='lat' dir='ltr'>nullumque</span> <span class='ocrx_word' id='word_1_108' title='bbox 2993 1983 3139 2067; x_wconf 85' lang='lat' dir='ltr'>ejus</span> 
     </span>
     <span class='ocr_line' id='line_1_14' title="bbox 876 2093 3232 2181; baseline 0 -21"><span class='ocrx_word' id='word_1_109' title='bbox 876 2096 1157 2179; x_wconf 87' lang='lat' dir='ltr'>generis</span> <span class='ocrx_word' id='word_1_110' title='bbox 1214 2111 1493 2160; x_wconf 89' lang='lat' dir='ltr'>carmen</span> <span class='ocrx_word' id='word_1_111' title='bbox 1554 2093 1864 2178; x_wconf 88' lang='lat' dir='ltr'>recipere</span> <span class='ocrx_word' id='word_1_112' title='bbox 1932 2093 2227 2171; x_wconf 89' lang='lat' dir='ltr'>videtur,</span> <span class='ocrx_word' id='word_1_113' title='bbox 2301 2093 2486 2176; x_wconf 92' lang='lat' dir='ltr'>quod</span> <span class='ocrx_word' id='word_1_114' title='bbox 2537 2111 2660 2181; x_wconf 88' lang='lat' dir='ltr'>per</span> <span class='ocrx_word' id='word_1_115' title='bbox 2724 2094 3135 2179; x_wconf 83' lang='lat' dir='ltr'>allegoriam</span> <span class='ocrx_word' id='word_1_116' title='bbox 3217 2116 3232 2135; x_wconf 91' lang='lat'><strong>·</strong></span> 
     </span>
     <span class='ocr_line' id='line_1_15' title="bbox 879 2206 3137 2293; baseline 0 -19"><span class='ocrx_word' id='word_1_117' title='bbox 879 2211 1100 2274; x_wconf 87' lang='lat' dir='ltr'>totum</span> <span class='ocrx_word' id='word_1_118' title='bbox 1148 2226 1287 2274; x_wconf 91' lang='lat' dir='ltr'>non</span> <span class='ocrx_word' id='word_1_119' title='bbox 1336 2209 1494 2292; x_wconf 80' lang='lat' dir='ltr'>fiat3</span> <span class='ocrx_word' id='word_1_120' title='bbox 1557 2207 1642 2273; x_wconf 89' lang='lat' dir='ltr'>de</span> <span class='ocrx_word' id='word_1_121' title='bbox 1694 2207 1976 2273; x_wconf 73' lang='lat' dir='ltr'>heroico</span> <span class='ocrx_word' id='word_1_122' title='bbox 2035 2212 2351 2291; x_wconf 87' lang='lat' dir='ltr'>poemate</span> <span class='ocrx_word' id='word_1_123' title='bbox 2413 2206 2583 2271; x_wconf 88' lang='lat' dir='ltr'>nihil</span> <span class='ocrx_word' id='word_1_124' title='bbox 2629 2208 2892 2285; x_wconf 85' lang='lat' dir='ltr'>scribit,</span> <span class='ocrx_word' id='word_1_125' title='bbox 2957 2210 3137 2293; x_wconf 89' lang='lat' dir='ltr'>quod</span> 
     </span>
     <span class='ocr_line' id='line_1_16' title="bbox 884 2321 3139 2407; baseline 0.001 -19"><span class='ocrx_word' id='word_1_126' title='bbox 884 2340 1272 2388; x_wconf 86' lang='lat' dir='ltr'>memorare</span> <span class='ocrx_word' id='word_1_127' title='bbox 1309 2340 1542 2407; x_wconf 79' lang='lat' dir='ltr'>operae</span> <span class='ocrx_word' id='word_1_128' title='bbox 1581 2322 1671 2387; x_wconf 89' lang='lat' dir='ltr'>sit</span> <span class='ocrx_word' id='word_1_129' title='bbox 1724 2322 2042 2405; x_wconf 78' lang='lat' dir='ltr'>pretium.</span> <span class='ocrx_word' id='word_1_130' title='bbox 2091 2321 2266 2387; x_wconf 91' lang='lat' dir='ltr'>Illud</span> <span class='ocrx_word' id='word_1_131' title='bbox 2326 2321 2617 2387; x_wconf 80' lang='lat' dir='ltr'>fortasse</span> <span class='ocrx_word' id='word_1_132' title='bbox 2653 2322 2725 2387; x_wconf 91' lang='lat' dir='ltr'>in</span> <span class='ocrx_word' id='word_1_133' title='bbox 2774 2324 2922 2406; x_wconf 89' lang='lat' dir='ltr'>ejus</span> <span class='ocrx_word' id='word_1_134' title='bbox 2975 2327 3139 2390; x_wconf 86' lang='lat' dir='ltr'>Arte</span> 
     </span>
     <span class='ocr_line' id='line_1_17' title="bbox 886 2435 3146 2523; baseline 0 -22"><span class='ocrx_word' id='word_1_135' title='bbox 886 2435 1335 2518; x_wconf 88' lang='lat' dir='ltr'>laudandum,</span> <span class='ocrx_word' id='word_1_136' title='bbox 1379 2435 1587 2520; x_wconf 87' lang='lat' dir='ltr'>quod,</span> <span class='ocrx_word' id='word_1_137' title='bbox 1617 2436 1938 2519; x_wconf 56' lang='lat' dir='ltr'>quamvis</span> <span class='ocrx_word' id='word_1_138' title='bbox 1985 2435 2268 2500; x_wconf 88' lang='lat' dir='ltr'>Horatio</span> <span class='ocrx_word' id='word_1_139' title='bbox 2315 2435 2571 2523; x_wconf 81' lang='lat' dir='ltr'>saepius</span> <span class='ocrx_word' id='word_1_140' title='bbox 2615 2436 3034 2520; x_wconf 88' lang='lat' dir='ltr'>obsequatur</span> <span class='ocrx_word' id='word_1_141' title='bbox 3079 2439 3146 2502; x_wconf 93' lang='lat' dir='ltr'>et</span> 
     </span>
     <span class='ocr_line' id='line_1_18' title="bbox 889 2548 3146 2633; baseline 0.001 -19"><span class='ocrx_word' id='word_1_142' title='bbox 889 2549 1277 2615; x_wconf 90' lang='lat' dir='ltr'>Aristotelis</span> <span class='ocrx_word' id='word_1_143' title='bbox 1312 2549 1719 2616; x_wconf 64' lang='lat' dir='ltr'>auctoritate</span> <span class='ocrx_word' id='word_1_144' title='bbox 1749 2567 1902 2614; x_wconf 91' lang='lat' dir='ltr'>sese</span> <span class='ocrx_word' id='word_1_145' title='bbox 1938 2548 2309 2632; x_wconf 88' lang='lat' dir='ltr'>aliquando</span> <span class='ocrx_word' id='word_1_146' title='bbox 2333 2552 2549 2633; x_wconf 83' lang='lat' dir='ltr'>tegat,</span> <span class='ocrx_word' id='word_1_147' title='bbox 2581 2569 2700 2616; x_wconf 90' lang='lat' dir='ltr'>eos</span> <span class='ocrx_word' id='word_1_148' title='bbox 2730 2550 2976 2616; x_wconf 87' lang='lat' dir='ltr'>saltem</span> <span class='ocrx_word' id='word_1_149' title='bbox 3009 2570 3146 2618; x_wconf 88' lang='lat' dir='ltr'>uon</span> 
     </span>
     <span class='ocr_line' id='line_1_19' title="bbox 886 2661 3144 2748; baseline 0 -18"><span class='ocrx_word' id='word_1_150' title='bbox 886 2667 1024 2730; x_wconf 89' lang='lat' dir='ltr'>tam</span> <span class='ocrx_word' id='word_1_151' title='bbox 1062 2667 1208 2729; x_wconf 91' lang='lat' dir='ltr'>arte</span> <span class='ocrx_word' id='word_1_152' title='bbox 1240 2664 1730 2748; x_wconf 88' lang='lat' dir='ltr'>interpretatur</span> <span class='ocrx_word' id='word_1_153' title='bbox 1769 2681 1977 2746; x_wconf 86' lang='lat' dir='ltr'>quam</span> <span class='ocrx_word' id='word_1_154' title='bbox 2013 2661 2319 2746; x_wconf 79' lang='lat' dir='ltr'>aequales</span> <span class='ocrx_word' id='word_1_155' title='bbox 2354 2663 2670 2728; x_wconf 77' lang='lat' dir='ltr'>solebant</span> <span class='ocrx_word' id='word_1_156' title='bbox 2704 2679 2719 2729; x_wconf 74' lang='grc' dir='ltr'>ε</span> <span class='ocrx_word' id='word_1_157' title='bbox 2778 2664 2933 2731; x_wconf 83' lang='lat' dir='ltr'>haec</span> <span class='ocrx_word' id='word_1_158' title='bbox 2968 2665 3144 2731; x_wconf 89' lang='lat' dir='ltr'>Lau·</span> 
     </span>
     <span class='ocr_line' id='line_1_20' title="bbox 887 2775 3145 2863; baseline 0 -19"><span class='ocrx_word' id='word_1_159' title='bbox 887 2778 1077 2845; x_wconf 92' lang='lat' dir='ltr'>dunii</span> <span class='ocrx_word' id='word_1_160' title='bbox 1113 2777 1494 2844; x_wconf 85' lang='lat' dir='ltr'>liberalitas</span> <span class='ocrx_word' id='word_1_161' title='bbox 1528 2777 1599 2842; x_wconf 91' lang='lat' dir='ltr'>in</span> <span class='ocrx_word' id='word_1_162' title='bbox 1630 2776 1750 2842; x_wconf 90' lang='lat' dir='ltr'>illa</span> <span class='ocrx_word' id='word_1_163' title='bbox 1776 2775 1995 2861; x_wconf 87' lang='lat' dir='ltr'>quinti</span> <span class='ocrx_word' id='word_1_164' title='bbox 2018 2776 2173 2841; x_wconf 85' lang='lat' dir='ltr'>libri</span> <span class='ocrx_word' id='word_1_165' title='bbox 2205 2784 2395 2861; x_wconf 85' lang='lat' dir='ltr'>parte</span> <span class='ocrx_word' id='word_1_166' title='bbox 2418 2776 2805 2862; x_wconf 81' lang='lat' dir='ltr'>praesertim</span> <span class='ocrx_word' id='word_1_167' title='bbox 2835 2781 3145 2863; x_wconf 84' lang='lat' dir='ltr'>apparet,</span> 
     </span>
     <span class='ocr_line' id='line_1_21' title="bbox 889 2892 3146 2982; baseline 0 -22"><span class='ocrx_word' id='word_1_168' title='bbox 889 2913 1025 2979; x_wconf 88' lang='lat' dir='ltr'>qua</span> <span class='ocrx_word' id='word_1_169' title='bbox 1056 2894 1421 2978; x_wconf 78' lang='lat' dir='ltr'>tragoediae</span> <span class='ocrx_word' id='word_1_170' title='bbox 1444 2893 1636 2976; x_wconf 86' lang='lat' dir='ltr'>leges</span> <span class='ocrx_word' id='word_1_171' title='bbox 1666 2894 1981 2982; x_wconf 79' lang='lat' dir='ltr'>exponit3</span> <span class='ocrx_word' id='word_1_172' title='bbox 2009 2893 2217 2959; x_wconf 89' lang='lat' dir='ltr'>nullis</span> <span class='ocrx_word' id='word_1_173' title='bbox 2248 2893 2431 2959; x_wconf 89' lang='lat' dir='ltr'>enim</span> <span class='ocrx_word' id='word_1_174' title='bbox 2466 2893 2781 2959; x_wconf 92' lang='lat' dir='ltr'>terminis</span> <span class='ocrx_word' id='word_1_175' title='bbox 2816 2892 3146 2975; x_wconf 87' lang='lat' dir='ltr'>fabulam,</span> 
     </span>
     <span class='ocr_line' id='line_1_22' title="bbox 890 3006 3149 3093; baseline 0 -19"><span class='ocrx_word' id='word_1_176' title='bbox 890 3013 964 3074; x_wconf 93' lang='lat' dir='ltr'>ut</span> <span class='ocrx_word' id='word_1_177' title='bbox 1010 3008 1316 3093; x_wconf 80' lang='lat' dir='ltr'>aequales</span> <span class='ocrx_word' id='word_1_178' title='bbox 1362 3006 1579 3074; x_wconf 90' lang='lat' dir='ltr'>critici</span> <span class='ocrx_word' id='word_1_179' title='bbox 1630 3008 1971 3088; x_wconf 85' lang='lat' dir='ltr'>solebant,</span> <span class='ocrx_word' id='word_1_180' title='bbox 1993 3007 2465 3073; x_wconf 88' lang='lat' dir='ltr'>circumscribi</span> <span class='ocrx_word' id='word_1_181' title='bbox 2509 3008 2733 3091; x_wconf 79' lang='lat' dir='ltr'>jubet,</span> <span class='ocrx_word' id='word_1_182' title='bbox 2782 3010 3149 3092; x_wconf 89' lang='lat' dir='ltr'>quominus</span> 
     </span>
     <span class='ocr_line' id='line_1_23' title="bbox 892 3119 3150 3208; baseline 0 -22"><span class='ocrx_word' id='word_1_183' title='bbox 892 3121 954 3187; x_wconf 89' lang='lat' dir='ltr'>ei</span> <span class='ocrx_word' id='word_1_184' title='bbox 991 3121 1196 3186; x_wconf 90' lang='lat' dir='ltr'>liceat</span> <span class='ocrx_word' id='word_1_185' title='bbox 1234 3124 1332 3186; x_wconf 88' lang='lat' dir='ltr'>tot</span> <span class='ocrx_word' id='word_1_186' title='bbox 1379 3138 1711 3205; x_wconf 87' lang='lat' dir='ltr'>personas</span> <span class='ocrx_word' id='word_1_187' title='bbox 1759 3119 2095 3204; x_wconf 88' lang='lat' dir='ltr'>recipere,</span> <span class='ocrx_word' id='word_1_188' title='bbox 2129 3124 2295 3203; x_wconf 90' lang='lat' dir='ltr'>quot</span> <span class='ocrx_word' id='word_1_189' title='bbox 2323 3139 2436 3186; x_wconf 88' lang='lat' dir='ltr'>res</span> <span class='ocrx_word' id='word_1_190' title='bbox 2472 3120 2621 3208; x_wconf 88' lang='lat' dir='ltr'>ipsa</span> <span class='ocrx_word' id='word_1_191' title='bbox 2669 3121 2922 3208; x_wconf 79' lang='lat' dir='ltr'>poscit3</span> <span class='ocrx_word' id='word_1_192' title='bbox 2972 3139 3150 3186; x_wconf 87' lang='lat' dir='ltr'>eam·</span> 
     </span>
     <span class='ocr_line' id='line_1_24' title="bbox 893 3233 3148 3324; baseline 0 -23"><span class='ocrx_word' id='word_1_193' title='bbox 893 3254 1024 3319; x_wconf 90' lang='lat' dir='ltr'>que</span> <span class='ocrx_word' id='word_1_194' title='bbox 1082 3234 1397 3319; x_wconf 81' lang='lat' dir='ltr'>regulam</span> <span class='ocrx_word' id='word_1_195' title='bbox 1457 3233 1990 3319; x_wconf 81' lang='lat' dir='ltr'>praeclarissime</span> <span class='ocrx_word' id='word_1_196' title='bbox 2032 3234 2307 3314; x_wconf 84' lang='lat' dir='ltr'>refutat,</span> <span class='ocrx_word' id='word_1_197' title='bbox 2374 3254 2510 3318; x_wconf 88' lang='lat' dir='ltr'>qua</span> <span class='ocrx_word' id='word_1_198' title='bbox 2572 3235 2913 3319; x_wconf 81' lang='lat' dir='ltr'>tragicum</span> <span class='ocrx_word' id='word_1_199' title='bbox 2978 3253 3148 3324; x_wconf 88' lang='lat' dir='ltr'>opus</span> 
     </span>
     <span class='ocr_line' id='line_1_25' title="bbox 894 3347 2818 3432; baseline 0.001 -19"><span class='ocrx_word' id='word_1_200' title='bbox 894 3348 1075 3413; x_wconf 89' lang='lat' dir='ltr'>intra</span> <span class='ocrx_word' id='word_1_201' title='bbox 1116 3351 1440 3432; x_wconf 88' lang='lat' dir='ltr'>quattuor</span> <span class='ocrx_word' id='word_1_202' title='bbox 1480 3351 1548 3413; x_wconf 90' lang='lat' dir='ltr'>et</span> <span class='ocrx_word' id='word_1_203' title='bbox 1573 3347 1820 3432; x_wconf 77' lang='lat' dir='ltr'>viginti</span> <span class='ocrx_word' id='word_1_204' title='bbox 1864 3347 2073 3413; x_wconf 87' lang='lat' dir='ltr'>horas</span> <span class='ocrx_word' id='word_1_205' title='bbox 2118 3347 2567 3413; x_wconf 81' lang='lat' dir='ltr'>coartandum</span> <span class='ocrx_word' id='word_1_206' title='bbox 2614 3352 2818 3415; x_wconf 88' lang='lat' dir='ltr'>esset.</span> 
     </span>
    </p>

    <p class='ocr_par' dir='ltr' id='par_1_4' title="bbox 892 3460 3158 4345">
     <span class='ocr_line' id='line_1_26' title="bbox 981 3460 3149 3549; baseline -0 -23"><span class='ocrx_word' id='word_1_207' title='bbox 981 3461 1323 3535; x_wconf 77' lang='lat' dir='ltr'>Quantum</span> <span class='ocrx_word' id='word_1_208' title='bbox 1367 3461 1455 3526; x_wconf 88' lang='lat' dir='ltr'>ad</span> <span class='ocrx_word' id='word_1_209' title='bbox 1510 3461 1851 3549; x_wconf 90' lang='lat' dir='ltr'>poeticam</span> <span class='ocrx_word' id='word_1_210' title='bbox 1890 3460 2224 3543; x_wconf 81' lang='lat' dir='ltr'>linguam,</span> <span class='ocrx_word' id='word_1_211' title='bbox 2284 3460 2745 3526; x_wconf 88' lang='lat' dir='ltr'>recentiorum</span> <span class='ocrx_word' id='word_1_212' title='bbox 2791 3462 3149 3548; x_wconf 88' lang='lat' dir='ltr'>poetarum</span> 
     </span>
     <span class='ocr_line' id='line_1_27' title="bbox 892 3574 3151 3660; baseline 0.001 -21"><span class='ocrx_word' id='word_1_213' title='bbox 892 3575 1190 3660; x_wconf 83' lang='lat' dir='ltr'>vestigia</span> <span class='ocrx_word' id='word_1_214' title='bbox 1216 3594 1355 3640; x_wconf 92' lang='lat' dir='ltr'>non</span> <span class='ocrx_word' id='word_1_215' title='bbox 1380 3593 1653 3660; x_wconf 88' lang='lat' dir='ltr'>semper</span> <span class='ocrx_word' id='word_1_216' title='bbox 1679 3579 1933 3641; x_wconf 86' lang='lat' dir='ltr'>servat.</span> <span class='ocrx_word' id='word_1_217' title='bbox 1969 3574 2327 3640; x_wconf 80' lang='lat' dir='ltr'>vocabula</span> <span class='ocrx_word' id='word_1_218' title='bbox 2356 3574 2632 3659; x_wconf 91' lang='lat' dir='ltr'>quidem</span> <span class='ocrx_word' id='word_1_219' title='bbox 2657 3574 2764 3641; x_wconf 87' lang='lat' dir='ltr'>vel</span> <span class='ocrx_word' id='word_1_220' title='bbox 2795 3576 2880 3641; x_wconf 91' lang='lat' dir='ltr'>de</span> <span class='ocrx_word' id='word_1_221' title='bbox 2906 3577 3151 3641; x_wconf 79' lang='lat' dir='ltr'>Graeco</span> 
     </span>
     <span class='ocr_line' id='line_1_28' title="bbox 893 3690 3152 3773; baseline 0 -17"><span class='ocrx_word' id='word_1_222' title='bbox 893 3692 1223 3757; x_wconf 88' lang='lat' dir='ltr'>Latinove</span> <span class='ocrx_word' id='word_1_223' title='bbox 1258 3709 1576 3757; x_wconf 87' lang='lat' dir='ltr'>sermone</span> <span class='ocrx_word' id='word_1_224' title='bbox 1612 3691 1816 3773; x_wconf 79' lang='lat' dir='ltr'>fiexa,</span> <span class='ocrx_word' id='word_1_225' title='bbox 1855 3691 1962 3756; x_wconf 87' lang='lat' dir='ltr'>vel</span> <span class='ocrx_word' id='word_1_226' title='bbox 1992 3709 2035 3755; x_wconf 90' lang='lat' dir='ltr'>a</span> <span class='ocrx_word' id='word_1_227' title='bbox 2064 3690 2262 3756; x_wconf 87' lang='lat' dir='ltr'>novis</span> <span class='ocrx_word' id='word_1_228' title='bbox 2291 3690 2565 3757; x_wconf 88' lang='lat' dir='ltr'>vatibus</span> <span class='ocrx_word' id='word_1_229' title='bbox 2592 3693 2788 3758; x_wconf 77' lang='lat' dir='ltr'>caute</span> <span class='ocrx_word' id='word_1_230' title='bbox 2819 3692 2980 3757; x_wconf 89' lang='lat' dir='ltr'>ficta</span> <span class='ocrx_word' id='word_1_231' title='bbox 3014 3709 3152 3757; x_wconf 88' lang='lat' dir='ltr'>non</span> 
     </span>
     <span class='ocr_line' id='line_1_29' title="bbox 894 3797 3156 3890; baseline -0.001 -21"><span class='ocrx_word' id='word_1_232' title='bbox 894 3802 1257 3869; x_wconf 90' lang='lat' dir='ltr'>committit</span> <span class='ocrx_word' id='word_1_233' title='bbox 1313 3804 1389 3867; x_wconf 90' lang='lat' dir='ltr'>ut</span> <span class='ocrx_word' id='word_1_234' title='bbox 1429 3801 1706 3885; x_wconf 86' lang='lat' dir='ltr'>reiciat;</span> <span class='ocrx_word' id='word_1_235' title='bbox 1769 3800 1891 3866; x_wconf 90' lang='lat' dir='ltr'>sed</span> <span class='ocrx_word' id='word_1_236' title='bbox 1941 3819 2182 3866; x_wconf 91' lang='lat' dir='ltr'>omnes</span> <span class='ocrx_word' id='word_1_237' title='bbox 2231 3800 2533 3866; x_wconf 89' lang='lat' dir='ltr'>Pleiadis</span> <span class='ocrx_word' id='word_1_238' title='bbox 2589 3801 2784 3884; x_wconf 91' lang='lat' dir='ltr'>quasi</span> <span class='ocrx_word' id='word_1_239' title='bbox 2833 3797 3156 3890; x_wconf 72' lang='lat' dir='ltr'>propaqi-</span> 
     </span>
     <span class='ocr_line' id='line_1_30' title="bbox 894 3915 3154 4001; baseline -0.001 -17"><span class='ocrx_word' id='word_1_240' title='bbox 894 3935 1017 3984; x_wconf 75' lang='lat' dir='ltr'>nes</span> <span class='ocrx_word' id='word_1_241' title='bbox 1084 3916 1562 4001; x_wconf 84' lang='lat' dir='ltr'>adjectivaque</span> <span class='ocrx_word' id='word_1_242' title='bbox 1619 3916 1900 3981; x_wconf 89' lang='lat' dir='ltr'>nomina</span> <span class='ocrx_word' id='word_1_243' title='bbox 1940 3915 2011 3981; x_wconf 91' lang='lat' dir='ltr'>in</span> <span class='ocrx_word' id='word_1_244' title='bbox 2058 3915 2547 3981; x_wconf 88' lang='lat' dir='ltr'>adverbiorum</span> <span class='ocrx_word' id='word_1_245' title='bbox 2590 3915 2819 3980; x_wconf 92' lang='lat' dir='ltr'>locum</span> <span class='ocrx_word' id='word_1_246' title='bbox 2872 3919 3154 4000; x_wconf 88' lang='lat' dir='ltr'>accepta</span> 
     </span>
     <span class='ocr_line' id='line_1_31' title="bbox 892 4030 3158 4116; baseline -0.001 -19"><span class='ocrx_word' id='word_1_247' title='bbox 892 4050 1032 4097; x_wconf 89' lang='lat' dir='ltr'>non</span> <span class='ocrx_word' id='word_1_248' title='bbox 1059 4031 1263 4116; x_wconf 89' lang='lat' dir='ltr'>plane</span> <span class='ocrx_word' id='word_1_249' title='bbox 1292 4030 1621 4113; x_wconf 89' lang='lat' dir='ltr'>admittit,</span> <span class='ocrx_word' id='word_1_250' title='bbox 1665 4048 1785 4096; x_wconf 91' lang='lat' dir='ltr'>eas</span> <span class='ocrx_word' id='word_1_251' title='bbox 1829 4049 1996 4096; x_wconf 89' lang='lat' dir='ltr'>vero</span> <span class='ocrx_word' id='word_1_252' title='bbox 2031 4048 2262 4112; x_wconf 83' lang='lat' dir='ltr'>voceS,</span> <span class='ocrx_word' id='word_1_253' title='bbox 2296 4048 2452 4114; x_wconf 81' lang='lat' dir='ltr'>quae</span> <span class='ocrx_word' id='word_1_254' title='bbox 2485 4049 2570 4096; x_wconf 82' lang='lat' dir='ltr'>ex</span> <span class='ocrx_word' id='word_1_255' title='bbox 2607 4030 2901 4097; x_wconf 83' lang='lat' dir='ltr'>diversis</span> <span class='ocrx_word' id='word_1_256' title='bbox 2943 4032 3158 4095; x_wconf 89' lang='lat' dir='ltr'>Fran-</span> 
     </span>
     <span class='ocr_line' id='line_1_32' title="bbox 895 4142 3150 4230; baseline -0.001 -20"><span class='ocrx_word' id='word_1_257' title='bbox 895 4145 1025 4211; x_wconf 81' lang='lat' dir='ltr'>ciae</span> <span class='ocrx_word' id='word_1_258' title='bbox 1054 4143 1366 4210; x_wconf 87' lang='lat' dir='ltr'>dialectis</span> <span class='ocrx_word' id='word_1_259' title='bbox 1399 4147 1775 4229; x_wconf 78' lang='lat' dir='ltr'>assumptae</span> <span class='ocrx_word' id='word_1_260' title='bbox 1809 4146 2031 4224; x_wconf 87' lang='lat' dir='ltr'>erant,</span> <span class='ocrx_word' id='word_1_261' title='bbox 2077 4142 2269 4209; x_wconf 92' lang='lat' dir='ltr'>nullo</span> <span class='ocrx_word' id='word_1_262' title='bbox 2307 4144 2510 4209; x_wconf 90' lang='lat' dir='ltr'>modo</span> <span class='ocrx_word' id='word_1_263' title='bbox 2539 4143 2798 4229; x_wconf 88' lang='lat' dir='ltr'>patitur</span> <span class='ocrx_word' id='word_1_264' title='bbox 2832 4142 2940 4230; x_wconf 90' lang='lat'>(3).</span> <span class='ocrx_word' id='word_1_265' title='bbox 2980 4144 3150 4208; x_wconf 91' lang='lat' dir='ltr'>Pro-</span> 
     </span>
     <span class='ocr_line' id='line_1_33' title="bbox 892 4245 2533 4345; baseline 0.001 -22"><span class='ocrx_word' id='word_1_266' title='bbox 892 4257 1083 4323; x_wconf 85' lang='lat' dir='ltr'>xima</span> <span class='ocrx_word' id='word_1_267' title='bbox 1105 4245 1252 4341; x_wconf 83' lang='lat' dir='ltr'>jam</span> <span class='ocrx_word' id='word_1_268' title='bbox 1283 4276 1435 4324; x_wconf 90' lang='lat' dir='ltr'>esse</span> <span class='ocrx_word' id='word_1_269' title='bbox 1470 4257 1852 4323; x_wconf 82' lang='lat' dir='ltr'>Malherbae</span> <span class='ocrx_word' id='word_1_270' title='bbox 1886 4260 2201 4345; x_wconf 86' lang='lat' dir='ltr'>tempora</span> <span class='ocrx_word' id='word_1_271' title='bbox 2223 4260 2533 4342; x_wconf 87' lang='lat' dir='ltr'>apparet.</span> 
     </span>
    </p>
   </div>
   <div class='ocr_carea' id='block_1_3' title="bbox 899 4400 1238 4409">
    <p class='ocr_par' dir='ltr' id='par_1_5' title="bbox 899 4400 1238 4409">
     <span class='ocr_line' id='line_1_34' title="bbox 899 4400 1238 4409; baseline 0 0"><span class='ocrx_word' id='word_1_272' title='bbox 899 4400 1238 4409; x_wconf 95' lang='lat' dir='ltr'> </span> 
     </span>
    </p>
   </div>
   <div class='ocr_carea' id='block_1_4' title="bbox 948 4474 2977 4685">
    <p class='ocr_par' dir='ltr' id='par_1_6' title="bbox 948 4474 2977 4685">
     <span class='ocr_line' id='line_1_35' title="bbox 948 4474 2977 4533; baseline 0 -12"><span class='ocrx_word' id='word_1_273' title='bbox 948 4474 1011 4530; x_wconf 88' lang='grc'>(1)</span> <span class='ocrx_word' id='word_1_274' title='bbox 1038 4477 1108 4521; x_wconf 79' lang='lat' dir='ltr'>Cr.</span> <span class='ocrx_word' id='word_1_275' title='bbox 1131 4488 1189 4521; x_wconf 81' lang='lat' dir='ltr'>ea</span> <span class='ocrx_word' id='word_1_276' title='bbox 1223 4487 1330 4532; x_wconf 81' lang='lat' dir='ltr'>quae</span> <span class='ocrx_word' id='word_1_277' title='bbox 1351 4476 1411 4520; x_wconf 85' lang='lat' dir='ltr'>de</span> <span class='ocrx_word' id='word_1_278' title='bbox 1432 4477 1603 4531; x_wconf 81' lang='lat' dir='ltr'>ecloga</span> <span class='ocrx_word' id='word_1_279' title='bbox 1625 4477 1787 4529; x_wconf 76' lang='lat' dir='ltr'>tradit,</span> <span class='ocrx_word' id='word_1_280' title='bbox 1811 4478 1860 4520; x_wconf 85' lang='lat' dir='ltr'>et</span> <span class='ocrx_word' id='word_1_281' title='bbox 1879 4476 1939 4520; x_wconf 88' lang='lat' dir='ltr'>de</span> <span class='ocrx_word' id='word_1_282' title='bbox 1958 4476 2131 4533; x_wconf 80' lang='lat' dir='ltr'>poesis</span> <span class='ocrx_word' id='word_1_283' title='bbox 2150 4486 2329 4530; x_wconf 80' lang='lat' dir='ltr'>genere</span> <span class='ocrx_word' id='word_1_284' title='bbox 2348 4477 2526 4532; x_wconf 79' lang='lat' dir='ltr'>gallice</span> <span class='ocrx_word' id='word_1_285' title='bbox 2549 4476 2766 4523; x_wconf 71' lang='lat' dir='ltr'>«blason</span> <span class='ocrx_word' id='word_1_286' title='bbox 2782 4492 2807 4517; x_wconf 72' lang='lat' dir='ltr'>n</span> <span class='ocrx_word' id='word_1_287' title='bbox 2826 4476 2977 4523; x_wconf 73' lang='lat' dir='ltr'>dicto.</span> 
     </span>
     <span class='ocr_line' id='line_1_36' title="bbox 951 4556 1908 4609; baseline 0.001 -10"><span class='ocrx_word' id='word_1_288' title='bbox 951 4556 1016 4609; x_wconf 77' lang='lat'>(2)</span> <span class='ocrx_word' id='word_1_289' title='bbox 1042 4556 1117 4600; x_wconf 80' lang='lat' dir='ltr'>Ad</span> <span class='ocrx_word' id='word_1_290' title='bbox 1138 4557 1390 4601; x_wconf 81' lang='lat' dir='ltr'>lectorem.</span> <span class='ocrx_word' id='word_1_291' title='bbox 1418 4557 1630 4601; x_wconf 83' lang='lat' dir='ltr'>Secundi</span> <span class='ocrx_word' id='word_1_292' title='bbox 1654 4556 1764 4601; x_wconf 86' lang='lat' dir='ltr'>libri</span> <span class='ocrx_word' id='word_1_293' title='bbox 1795 4556 1908 4600; x_wconf 87' lang='lat' dir='ltr'>ssnc.</span> 
     </span>
     <span class='ocr_line' id='line_1_37' title="bbox 950 4633 1733 4685; baseline 0 -9"><span class='ocrx_word' id='word_1_294' title='bbox 950 4633 1009 4685; x_wconf 82' lang='grc'>(3)</span> <span class='ocrx_word' id='word_1_295' title='bbox 1042 4633 1149 4678; x_wconf 86' lang='lat' dir='ltr'>Lib.</span> <span class='ocrx_word' id='word_1_296' title='bbox 1176 4634 1257 4679; x_wconf 82' lang='lat' dir='ltr'>IV.</span> <span class='ocrx_word' id='word_1_297' title='bbox 1725 4651 1733 4659; x_wconf 95' lang='lat'>·</span> 
     </span>
    </p>
   </div>
  </div>
 </body>
</html>
