3561 5729
1242 1021 1570 1109 PRIMA
1636 1020 1905 1107 PARS

908 1256 975 1309 οε
1009 1255 1156 1309 num
1191 1256 1255 1309 ετ
1287 1255 1522 1310 nurum
1559 1256 1725 1309 rann
1758 1255 1985 1309 nunnus
2020 1255 2258 1310 romeis

444 1468 634 1522 Quanta
676 1467 813 1510 esset
849 1466 1055 1522 aequalis
1090 1465 1263 1521 poesis
1285 1464 1461 1520 'inopia
1496 1463 1751 1518 judicandi
1791 1463 1986 1519 copiam
2018 1462 2165 1507 nobis
2201 1462 2388 1519 praebet
2421 1462 2569 1507 Fabri
2606 1463 2705 1508 Ars

493 1535 703 1591 poetica,
738 1534 837 1589 qui,
872 1534 1163 1578 Intortunati
1193 1534 1338 1577 heres
1369 1545 1426 1577 ac
1461 1532 1755 1587 discipulus,
1792 1531 1922 1574 sexti
1953 1530 2133 1574 decimi
2164 1531 2335 1574 saeculi
2369 1530 2564 1574 initium
2595 1541 2709 1574 cum

494 1602 708 1658 proximi
727 1602 899 1646 saeculi
921 1602 1017 1645 fine
1039 1601 1255 1656 copulat.
1273 1624 1326 1632 —
1342 1600 1574 1655 Quaedam
1595 1599 1655 1641 de
1676 1599 1812 1642 illius
1829 1598 1933 1642 vita
1949 1600 1997 1641 et
2018 1597 2252 1653 operibus
2271 1598 2571 1641 referuntur:
2593 1596 2711 1641 huic

495 1673 752 1727 poetarum
774 1670 905 1723 gregi
926 1672 1005 1713 est
1024 1667 1440 1724 adnumerandus,
1473 1667 1601 1710 inter
1625 1677 1749 1722 quos
1770 1666 2044 1722 principem
2065 1666 2230 1711 locum
2251 1665 2476 1710 obtinent
2493 1664 2709 1708 Meschi-

497 1741 662 1792 notus,
703 1738 933 1782 Cretinus
972 1737 1358 1791 Molinetusquc.
1395 1758 1449 1767 —
1485 1736 1601 1789 Quae
1629 1733 1818 1787 gallicae
1847 1734 2017 1789 poesis
2048 1734 2141 1777 sub
2178 1734 2258 1777 his
2288 1732 2541 1785 magistris
2575 1733 2712 1776 esset

498 1804 679 1857 figura:
713 1804 860 1848 Fabri
892 1804 990 1847 Ars
1023 1803 1218 1859 poetica
1248 1814 1361 1846 cum
1392 1801 1528 1845 inani
1568 1800 1831 1855 aequalium
1849 1802 2020 1844 vatum
2055 1800 2328 1845 subtilitate
2363 1800 2564 1855 penitus
2594 1810 2710 1842 con-

497 1868 657 1922 gruit;
699 1868 825 1923 ipsis
860 1867 1133 1912 carminum
1182 1867 1365 1920 regulis
1420 1876 1565 1908 suum
1615 1876 1741 1919 opus
1776 1864 2142 1908 circumscribit
2177 1862 2494 1918 divinamque
2541 1864 2708 1907 vatum

495 1937 649 1977 artem
679 1934 740 1977 ad
759 1934 985 1978 sedulam
1009 1935 1183 1978 harum
1212 1932 1583 1977 observantiam
1618 1932 1812 1985 redigit.
1832 1954 1887 1963 -
1914 1930 2090 1975 Totius
2119 1930 2328 1986 poeticae
2359 1929 2708 1985 compendium

496 2004 783 2054 argumento
819 2005 911 2045 est.
933 2025 986 2033 —
1006 2002 1077 2045 De
1108 2012 1258 2044 versu
1289 2001 1418 2056 ipso.
1440 2023 1493 2031 —
1512 2000 1581 2043 De
1614 1999 1768 2042 variis
1803 2000 2085 2048 poematum
2118 1997 2418 2051 generibus:
2451 1997 2709 2051 poetarum

496 2070 748 2124 ingenium
786 2069 938 2113 certis
978 2081 1035 2114 ac
1070 2068 1364 2125 praestitutis
1400 2069 1483 2112 vel
1525 2067 1731 2110 rondelli
1763 2067 1845 2111 vel
1881 2068 2062 2108 baladoe
2095 2065 2320 2109 terminis
2355 2064 2636 2108 includitur.
2658 2086 2711 2095 —

493 2136 761 2181 Maximam
786 2137 922 2180 Artis
949 2140 1137 2193 partem
1168 2136 1409 2190 rhythmis
1439 2135 1597 2179 Faber
1614 2134 1874 2189 impendit.
1893 2157 1946 2165 —
1976 2135 2046 2177 De
2068 2131 2284 2176 diversis
2301 2132 2522 2187 ipsorum
2538 2130 2712 2183 rhyth—

498 2213 689 2244 morum
719 2200 999 2255 generibus.
1022 2225 1075 2233 —
1094 2201 1164 2244 De
1189 2201 1344 2245 variis
1373 2201 1717 2253 rhythmorum
1746 2199 1877 2242 inter
1900 2209 1955 2241 se
1975 2196 2387 2254 implicandorum
2412 2192 2710 2238 rationibus.

497 2289 551 2299 —
569 2269 721 2312 Recte
741 2268 1033 2323 proprieque
1068 2268 1362 2322 inscriptum
1383 2270 1463 2309 est
1480 2266 1627 2311 Fabri
1661 2266 1985 2321 opusculum:
2017 2265 2113 2308 Ars
2141 2262 2338 2319 poetica
2361 2273 2456 2317 qua
2477 2261 2713 2304 doceatur

497 2334 659 2378 omnis
696 2336 1038 2389 rhythmorum
1067 2334 1363 2389 descriptio;
1400 2335 1494 2378 hoc
1530 2334 1663 2378 enim
1705 2333 1846 2377 titulo
1875 2332 2155 2376 continetur
2185 2333 2287 2374 tota
2307 2328 2512 2385 aequalis
2540 2328 2711 2383 poesis

496 2404 656 2447 virtus
676 2415 735 2447 ac
754 2405 943 2448 natura.

447 2468 715 2514 Gratianus
751 2471 972 2525 Pontius,
1004 2471 1064 2514 de
1095 2470 1240 2523 cuius
1260 2470 1364 2513 vita
1398 2471 1448 2513 et
1468 2469 1701 2525 operibus
1721 2479 1879 2524 pauca
1903 2469 2251 2523 memorantur,
2285 2465 2337 2508 in
2362 2466 2480 2509 Arte
2499 2465 2709 2521 poetica,

501 2548 631 2580 nono
657 2539 707 2581 et
729 2537 984 2590 trigesimo
1007 2537 1178 2581 saeculi
1200 2547 1329 2581 anno
1352 2536 1498 2592 edita,
1530 2535 1806 2592 puerilibus
1837 2533 1984 2579 Fabri
2012 2532 2215 2589 ineptiis
2236 2531 2423 2587 aliquid
2443 2532 2592 2575 etiam
2612 2532 2713 2587 spi-

501 2604 676 2647 nosius
697 2604 952 2648 adstruere
973 2604 1193 2655 videtur,
1229 2603 1455 2657 eJ'usdem
1480 2605 1644 2648 tamen
1670 2603 1914 2647 adversus
1940 2600 2242 2646 recentiores
2275 2599 2516 2655 quosdam
2535 2602 2710 2655 poetas

502 2670 773 2724 indignatio
825 2670 1085 2715 manifeste
1129 2669 1348 2714 ostendit
1383 2680 1472 2714 eos
1524 2681 1553 2714 a
1590 2667 1931 2726 superioribus
1977 2665 2187 2723 poeticae
2231 2664 2482 2720 magistris
2519 2664 2709 2710 sensim

498 2740 798 2786 desciscere.

532 2953 607 3016 In
634 2951 863 3036 priore
898 2951 1071 3018 sexti
1101 2950 1347 3018 decimi
1384 2951 1622 3017 saeculi
1653 2955 1849 3037 parte
1877 2967 2140 3015 morem
2161 2967 2205 3014 a
2233 2948 2708 3035 superioribus

442 3066 770 3139 traditum
804 3065 1190 3149 mediaeque
1229 3063 1455 3130 aetatis
1493 3063 1806 3130 instituta
1849 3062 2180 3128 Francica
2214 3059 2710 3155 poesis-sequi-

443 3183 578 3246 tur.
619 3180 905 3260 Verum,
955 3198 1042 3244 ex
1089 3195 1223 3263 quo
1272 3177 1496 3262 prima
1541 3177 1881 3243 habuerat
1923 3175 2143 3255 initia,
2192 3193 2333 3240 non
2372 3173 2434 3239 ei
2483 3173 2708 3240 fuerat

441 3291 622 3356 idern
668 3308 943 3374 semper
993 3291 1061 3354 et
1106 3306 1285 3355 unus
1324 3287 1646 3354 curriculi
1690 3291 1926 3382 tenor3
1985 3288 2158 3353 duas
2210 3287 2396 3352 enim
2445 3288 2705 3353 nostrae

446 3404 675 3490 poesis
706 3407 947 3470 aetates
975 3403 1186 3488 longo
1229 3402 1302 3469 in
1331 3402 1452 3468 illo
1486 3402 1820 3487 temporis
1858 3400 2223 3468 intervallo
2255 3401 2414 3484 jure
2449 3401 2705 3467 discer-

444 3540 596 3600 nas,
634 3539 926 3606 quarum
968 3520 1190 3586 altera
1234 3536 1505 3586 summa
1545 3519 1617 3584 in
1666 3517 1880 3603 epicis
1922 3516 2346 3583 carminibus
2392 3514 2706 3583 sublimi-

443 3638 609 3717 tate,
648 3633 1033 3701 clarissimo
1062 3633 1134 3700 in
1162 3633 1399 3719 lyricis
1433 3632 1706 3699 dicendi
1735 3632 1961 3699 nitore
1989 3649 2072 3698 ac
2096 3630 2488 3716 splendore,
2518 3629 2707 3696 dica-

446 3746 743 3814 cissimis
812 3747 884 3812 in
932 3743 1198 3835 plebeia
1270 3727 1533 3834 fabella
1610 3745 1872 3813 salibus
1956 3744 2438 3812 commendata
2520 3745 2699 3828 erat;

445 3861 676 3945 itaque
699 3911 719 3942 ,
779 3860 838 3927 si
904 3861 1200 3927 eundem
1258 3878 1535 3928 cursum
1597 3878 1814 3944 usque
1875 3859 1964 3926 ad
2025 3861 2298 3926 sextum
2359 3857 2707 3924 decimum

446 3974 779 4041 saeculum
839 3974 1084 4041 Galliae
1149 3977 1374 4060 poetae
1429 3974 1838 4055 tenuissent,
1905 3991 2046 4039 non
2103 3974 2313 4054 certe,
2373 3970 2707 4038 restitutis

447 4089 849 4155 Graecorum
892 4089 1497 4172 Romanorumque
1542 4089 1780 4154 vatum
1824 4086 2361 4172 exemplaribuS,
2414 4084 2484 4150 in
2518 4087 2708 4150 vete-

446 4219 601 4267 rum
648 4200 1089 4267 temerariam
1128 4201 1384 4285 saepius
1429 4209 1498 4266 et
1537 4200 1888 4266 incautam
1934 4199 2390 4265 imitationem
2434 4197 2709 4265 domes-

448 4313 583 4379 tica
619 4313 875 4398 poesis,
908 4314 1116 4380 avitae
1150 4312 1537 4398 disciplinae
1569 4313 1950 4395 fastidiosa,
1988 4315 2130 4378 tam
2164 4310 2556 4378 vehementi
2591 4311 2710 4376 im-

450 4432 611 4520 petu
658 4431 1106 4516 confugisset.
1158 4431 1453 4514 Etenim,
1510 4430 1826 4516 quamvis
1873 4450 1981 4511 ea,
2037 4448 2194 4514 quae
2241 4448 2288 4495 a
2332 4430 2710 4514 majoribus

451 4544 832 4630 composita
865 4545 1162 4626 fuerant,
1209 4563 1421 4634 opera
1450 4545 1738 4611 multum
1778 4545 2124 4629 longeque
2159 4563 2201 4610 a
2234 4546 2713 4612 consummata

453 4659 716 4728 Latinae
780 4678 864 4726 ac
915 4663 1180 4729 Graecae
1245 4660 1670 4746 antiquitatis
1725 4661 1874 4728 arte
1927 4660 2274 4743 abessent,
2328 4663 2585 4740 tamen,
2650 4659 2708 4725 si
