3561 5729
1887 640 2245 700 -106-

1125 783 1489 851 D’Amadis
1518 784 1914 869 l'Espagnol
1941 802 1985 849 a
2015 802 2094 849 sa
2120 783 2377 867 langue
2403 782 2748 865 embellie‚

1122 899 1206 962 Et
1241 915 1318 962 sa
1346 897 1603 979 langue
1639 895 1948 963 embellit
1976 896 2061 962 de
2087 914 2215 962 nos
2249 895 2445 962 Pairs
2473 894 2718 961 l'ltalie
2749 893 2857 982 (l).

944 1070 1307 1140 Concludit
1335 1069 1673 1154 denique:

1049 1283 1063 1296 .
1094 1284 1108 1299 .
1139 1282 1152 1296 .
1197 1232 1437 1307 Quand
1474 1250 1650 1298 nous
1682 1231 2148 1316 reprendrons
2177 1250 2292 1298 ces
2320 1234 2546 1298 beaux
2577 1232 2833 1298 larcins
2861 1249 3148 1314 connus,

1035 1349 1130 1413 De
1155 1348 1307 1414 rien
1335 1365 1510 1413 nous
1548 1366 1635 1413 ne
1670 1365 1983 1432 pouvons
2010 1347 2163 1414 leur
2196 1367 2282 1414 en
2317 1352 2497 1415 estre
2528 1351 2753 1414 tenuS.

958 1525 1044 1589 ln
1076 1523 1320 1590 eodem
1346 1523 1522 1591 libro
1558 1525 1765 1609 paulo
1792 1524 2080 1591 inferius
2109 1523 2193 1589 ad
2241 1523 2484 1589 eadem
2512 1521 2885 1588 revertitur
2927 1540 2941 1590 :

1034 1698 1152 1780 Or,
1192 1696 1464 1763 l’Valon
1490 1701 1715 1764 estant
1737 1701 1886 1765 tout
1918 1699 1983 1764 le
2017 1699 2318 1784 premier
2350 1697 2691 1781 vulgaire,

1034 1812 1117 1876 Et
1150 1810 1365 1877 l’Itale
1398 1815 1467 1877 et
1494 1812 1865 1897 l'Espagne
1901 1816 2020 1878 ont
2054 1810 2270 1879 forme
2304 1812 2775 1897 l’exemplaire

1034 1926 1135 1990 Du
1161 1925 1313 1991 leur
1342 1944 1461 1991 sur
1490 1944 1614 1991 son
1646 1928 1939 2008 Roman,
1977 1930 2188 2011 ayant
2212 1927 2353 2012 pris
2383 1945 2558 2015 pour
2592 1926 2826 2009 leq-ons

1037 2040 1130 2105 De
1165 2056 1292 2105 nos
1326 2039 1567 2105 ohants
1598 2044 1665 2105 et
1701 2049 1982 2106 sonnets
2015 2040 2116 2105 les
2150 2041 2464 2124 antiques
2500 2040 2767 2123 fag-ons.
2800 2092 2812 2105 .
2844 2090 2858 2103 .

1036 2155 1117 2219 Et
1149 2154 1329 2239 puis,
1364 2173 1635 2220 comme
1666 2156 1867 2239 celuy
1905 2155 2020 2239 qui
2056 2156 2141 2221 de
2175 2174 2335 2221 ruse
2365 2155 2619 2221 maline

1037 2271 1300 2335 Derobe
1331 2270 1396 2335 le
1422 2270 1663 2335 cheval
1697 2289 1782 2334 en
1818 2270 2128 2336 l’estable
2163 2270 2458 2349 voisine,

1037 2384 1184 2466 Luy
1216 2382 1334 2448 fait
1367 2382 1430 2448 16
1463 2382 1634 2463 crin,
1673 2383 1740 2448 la
1773 2401 1996 2466 queue
2033 2386 2098 2447 et
2130 2383 2420 2448 l'oreille
2454 2399 2734 2467 couper‚

1037 2499 1118 2562 Et
1146 2498 1439 2581 quelque
1473 2499 1696 2581 temps
1731 2498 1934 2585 apres
1972 2497 2034 2561 le
2070 2498 2326 2561 revend
2365 2516 2536 2584 pour
2566 2502 2871 2581 tromper

1036 2613 1094 2675 A
1132 2627 1258 2675 son
1288 2628 1547 2674 mesme
1583 2609 1833 2690 voisin‚
1873 2608 2048 2674 ainsi
2085 2612 2317 2674 nostre
2352 2609 2654 2692 langage

1038 2724 1128 2789 Ils
1154 2726 1272 2788 ont
1306 2723 1448 2810 pris
1478 2725 1546 2787 et
1579 2720 1811 2809 plante
1842 2722 2014 2787 dans
2049 2722 2200 2787 leur
2219 2722 2471 2788 terroir
2512 2740 2844 2805 sauvage‚

1037 2838 1119 2903 Et
1149 2836 1407 2920 l'ayant
1435 2833 1759 2919 desguise
1793 2854 1970 2902 nous
1998 2835 2060 2901 le
2105 2835 2485 2902 revendent
2519 2853 2598 2902 or

1037 2950 1316 3016 Comme
1347 2951 1476 3015 fins
1507 2950 1969 3034 maquignons
1999 2951 2154 3038 plus
2184 2951 2349 3016 cher
2381 2951 2587 3034 qu'au
2612 2951 2812 3036 poids
2838 2951 2923 3017 de
2957 2952 3106 3016 l'or.

1037 3125 1140 3189 Ex
1194 3123 1303 3189 his
1355 3123 1783 3207 intellegitur
1825 3142 1962 3190 non
2018 3124 2221 3190 modo
2266 3124 2710 3190 Valkelinum
2756 3125 2843 3190 ab
2891 3124 3079 3190 Italis
3131 3124 3201 3189 id

948 3242 1260 3323 repetere
1291 3239 1471 3322 quod
1502 3238 1857 3304 Gallorum
1892 3242 2019 3318 est,
2058 3238 2179 3303 sed
2207 3239 2415 3304 etiam
2446 3238 2744 3304 vicinam
2769 3244 2960 3303 trans
2990 3238 3198 3323 Alpes

946 3355 1227 3437 gentem
1274 3371 1570 3437 arguere
1615 3353 1797 3436 quod
1846 3352 2110 3419 alienas
2154 3371 2345 3437 opeS,
2400 3353 2648 3436 quibus
2696 3353 2996 3437 gloriata
3041 3370 3199 3418 nos-

947 3470 1125 3533 tram
1161 3465 1423 3551 poesim
1473 3471 1615 3531 tam
1645 3466 1763 3532 diu
1810 3466 2188 3551 dedignata.
2229 3469 2357 3548 est,
2418 3466 2602 3554 turpi
2651 3466 2954 3550 quodam
3014 3466 3193 3532 furto

948 3580 1150 3645 nobis
1184 3580 1628 3668 subripuerit.

1037 3697 1279 3778 Imm0,
1317 3694 1836 3780 italicae-poesis
1874 3695 2192 3779 antiquas
2226 3694 2468 3761 laudes
2502 3696 2778 3761 elevare
2813 3695 2997 3761 haud
3041 3712 3199 3760 con-

948 3811 1202 3889 tentuS‚
1240 3807 1546 3892 aequales
1575 3805 1820 3873 Galliae
1855 3810 2048 3873 vates
2076 3807 2489 3891 alienigenis
2516 3807 2788 3873 vatibus
2820 3825 2957 3873 non
2990 3824 3198 3891 oppo-

948 3921 1051 3987 nit
1097 3920 1302 3986 modo
1354 3919 1475 3985 sed
1536 3918 1895 4003 anteponit
1928 3919 2362 3985 Valkelinus.
2418 3918 2615 3985 Haud
2670 3919 2976 4004 profecto
3035 3918 3196 3984 satis

950 4034 1382 4099 verecundus
1425 4031 1830 4116 plerumque
1868 4033 1973 4097 est
2006 4031 2077 4096 in
2134 4031 2244 4097 his
2276 4030 2668 4097 laudandis.
2709 4032 2785 4097 In
2817 4028 3071 4098 Satira
3113 4025 3200 4097 ad

947 4143 1259 4226 Librum,
1317 4145 1498 4211 dicet
1545 4145 1692 4233 ipse
1724 4164 1825 4226 se,
1869 4163 2025 4210 cum
2060 4144 2433 4211 admodum
2464 4144 2744 4229 Juvenis
2791 4148 2999 4227 esset,
3053 4144 3200 4210 Bel-

949 4262 1162 4327 laium
1248 4262 1680 4343 observasse,
1761 4261 2196 4326 Ronsardum
2299 4263 2530 4326 autem
2602 4260 2908 4327 numinis
2989 4260 3202 4326 instar

949 4375 1244 4441 coluisse
1282 4375 1394 4461 (2).
1452 4375 1949 4458 Progrediente
2001 4378 2205 4440 aetate
2238 4373 2408 4439 nihil
2445 4393 2530 4439 ex
2574 4379 2766 4440 tanta
2816 4371 3203 4439 reverentia

1022 4598 1040 4642 1
1091 4598 1199 4643 Lib.
1220 4598 1279 4642 II.

1002 4597 1068 4731 ((2))
1095 4678 1152 4721 Je
1175 4677 1477 4732 connaissoy
1500 4676 1608 4721 Bais
1624 4679 1674 4720 et
1691 4676 1919 4721 Ronsard
1936 4675 2173 4736 J'adoroy.
