3561 5729
1948 645 2305 705 -114—

995 798 1178 865 linus
1224 797 1310 861 ab
1354 794 1539 861 omni
1587 792 1892 859 novitate
1939 790 2315 856 abhorrere
2349 789 2591 868 soleat,
2630 806 2768 853 non
2814 789 3047 852 tamen
3095 786 3241 851 fieri

998 912 1243 996 potest,
1280 914 1351 976 ut
1391 928 1476 974 ea
1507 907 1813 974 funditus
1846 904 2186 990 repudiet,
2230 922 2386 987 quae
2418 906 2520 969 tot
2570 901 3003 968 celeberrimi
3053 902 3245 965 vates

996 1021 1579 1104 eruditissimique
1609 1018 1854 1085 Galliae
1879 1017 2153 1100 jndices
2184 1016 2589 1100 probavere.
2619 1016 2854 1097 Itaque
2882 1030 3016 1077 non
3036 1029 3246 1076 ausus

995 1136 1159 1221 quid
1195 1135 1446 1201 sentiat
1474 1137 1710 1218 aperte
1744 1150 1826 1197 ac
1848 1131 2049 1216 plane
2082 1129 2418 1207 confiteri,
2445 1128 2530 1193 ad
2554 1130 2866 1213 posteros
2908 1127 2996 1190 ab
3025 1142 3250 1207 aequa-

997 1253 1178 1318 libus
1212 1250 1551 1336 appellat:

1263 1438 1341 1501 Je
1376 1453 1462 1501 ne
1498 1451 1662 1517 scay
1697 1432 1753 1498 si
1791 1450 1905 1498 ces
1938 1449 2098 1497 vers
2131 1434 2380 1497 auront
2407 1429 2791 1497 authorite:

1266 1551 1446 1616 C'est
1478 1549 1520 1613 a
1552 1553 1670 1631 toy
1705 1547 1862 1611 d'en
1877 1548 2113 1629 juger,
2144 1563 2312 1628 sage
2342 1543 2680 1612 Posterite
2721 1546 2835 1632 (1).

1001 1746 1130 1811 Sed
1162 1762 1299 1810 non
1330 1747 1592 1810 tantum
1621 1744 1790 1809 latet
1823 1744 1950 1809 sub
1986 1742 2096 1807 his
2123 1742 2500 1808 involucris
2530 1743 2772 1808 intima
2806 1743 2953 1825 eJus
2987 1741 3252 1827 opinio.

1003 1859 1076 1922 ut
1108 1856 1424 1922 versibus
1439 1860 1752 1921 veterum
1771 1873 1964 1919 more
2004 1854 2201 1919 factis
2227 1854 2481 1920 favisse
2503 1855 2955 1920 existimetur.
2988 1853 3255 1919 Posteri

1001 1988 1193 2050 vero,
1218 1970 1305 2034 ad
1341 1986 1513 2052 quos
1546 1967 1875 2052 appellat,
1908 1968 1992 2032 de
2027 1967 2160 2049 his,
2187 1986 2579 2052 quanquam
2606 1968 2856 2033 iterum
2890 1986 2970 2032 ac
3000 1966 3258 2050 saepius

1004 2082 1489 2148 recrudescere
1510 2083 1974 2161 tentaverunt,
2010 2080 2280 2161 eadem,
2329 2097 2484 2164 quae
2538 2080 2714 2165 ipse,
2753 2096 3055 2145 sensere.
3107 2078 3260 2144 Non

1004 2198 1119 2263 hic
1153 2197 1345 2262 locus
1389 2198 1491 2260 est
1540 2194 1924 2260 disserendi
1962 2212 2083 2259 cur
2117 2212 2159 2259 a
2194 2194 2437 2258 Latina
2484 2193 2979 2259 consuetudine
3009 2192 3263 2257 abhor-

1008 2313 1205 2374 reant
1237 2308 1455 2374 nostri
1485 2325 1750 2373 versus.
1785 2309 1938 2392 Ipse
1962 2306 2259 2371 Jacobus
2292 2324 2335 2371 a
2358 2305 2549 2371 Talia
2582 2306 2654 2371 in
2689 2305 3263 2371 commentatione
3342 2292 3346 2296 Α

1006 2424 1157 2489 haec
1192 2422 1462 2488 scribit:
1520 2445 1552 2483 «
1590 2423 1839 2487 Nostre
1890 2420 2120 2509 parler
2156 2420 2471 2504 vulgaire
2506 2421 2681 2487 n'est
2714 2440 2839 2506 pas
2882 2439 3135 2505 propre
3169 2439 3260 2504 ny

1009 2539 1294 2626 capable
1321 2540 1363 2604 a
1398 2538 1711 2604 recevoir
1750 2538 1786 2599 d
1822 2559 1872 2602 :s
1906 2539 2230 2603 nombres
2265 2541 2332 2602 et
2375 2537 2497 2602 des
2525 2537 2743 2624 piedS.
2781 2558 2813 2597 »
2851 2536 3261 2601 Valkelinus

1010 2652 1287 2737 quidem
1311 2650 1573 2716 nullam
1603 2649 1964 2715 sententiae
1996 2668 2141 2715 suae
2173 2667 2454 2714 causam
2485 2649 2719 2715 affert:
2762 2650 2822 2714 ei
2857 2652 3087 2714 tamen
3111 2666 3266 2730 gra-

1009 2766 1367 2833 tulandum
1431 2768 1534 2831 est
1590 2766 1770 2849 quod
1824 2765 2274 2831 domesticam
2325 2765 2587 2849 poesim
2646 2767 2733 2831 ab
2786 2764 3265 2831 audacissimis

1014 2897 1252 2944 eorum
1288 2879 1656 2962 impetibus
1693 2877 2022 2958 defendit,
2061 2878 2175 2961 qui
2212 2878 2434 2962 ipsam
2456 2882 2686 2943 vatum
2723 2879 3034 2961 linguam
3071 2877 3265 2962 quasi

1014 2991 1243 3057 incudi
1282 2991 1570 3057 reddere
1604 2991 1928 3056 volebant
1948 2995 2013 3056 et
2035 2991 2119 3056 ad
2145 2995 2455 3057 veterum
2490 2990 2943 3057 imitationem
2975 2992 3260 3074 fingere.

1014 3106 1167 3172 Non
1200 3105 1401 3171 aliter
1430 3106 1516 3170 de
1549 3104 1866 3170 versibus
1901 3105 2298 3170 Latinorum
2331 3105 2464 3170 ritu
2489 3104 2783 3170 conditis
2812 3104 3087 3169 videtur
3120 3105 3265 3188 ipse

1014 3219 1295 3299 sentire,
1333 3236 1538 3301 quam
1573 3217 1963 3296 Pascasius‚
2003 3218 2118 3301 qui
2149 3217 2276 3283 hos
2307 3217 2594 3302 poeticis
2635 3217 2901 3283 lusibus
2937 3217 3268 3283 adnume-

1016 3330 1124 3394 rat
1149 3327 1254 3414 (2).
1289 3328 1871 3394 Prudentissimus
1892 3328 2465 3412 cautissimusque
2495 3327 2837 3394 Ronsardi
2862 3327 3264 3412 discipuIUS,

1016 3445 1188 3511 nihil
1225 3446 1586 3511 admittere
1640 3446 1839 3525 solet,
1874 3444 2144 3536 etiamsi
2195 3445 2510 3528 magistri
2561 3445 2860 3528 vestigia
2901 3445 3040 3511 sint
3074 3445 3269 3510 dese-

1018 3563 1258 3640 renda,
1296 3563 1477 3646 quod
1514 3561 1920 3626 insolentius
1948 3565 2015 3626 et
2045 3560 2625 3626 inconsideratius
2660 3561 3001 3627 videatur.

1111 3675 1284 3740 Illud
1310 3694 1475 3741 vero
1511 3674 1957 3740 Valkelinum
1992 3693 2034 3738 a
2067 3674 2427 3740 Ronsardo
2458 3654 2540 3739 ac
2574 3674 2925 3758 plerisque
2956 3675 3105 3756 ejus
3136 3672 3272 3738 dis-

1019 3788 1266 3877 cipulis
1327 3787 1625 3852 maxime
1679 3788 2004 3869 sejungit,
2067 3788 2247 3871 quod
2311 3787 2569 3870 gallico
2634 3789 2979 3852 Parnasso
3038 3804 3271 3852 omnes

1021 3901 1312 3968 Graeciae
1367 3902 1742 3983 Romaeque
1802 3901 1968 3966 deos
2021 3901 2369 3988 expellere
2427 3901 2599 3982 vult,
2648 3904 2717 3966 et
2764 3900 2851 3965 ad
2901 3899 3277 3965 christiana

1023 4018 1434 4098 argumenta
1474 4014 1780 4096 tragicos
1827 4015 2353 4103 praesertimque
2397 4016 2632 4100 epicos
2675 4017 2870 4080 vates
2917 4033 3268 4081 revocare.

1025 4129 1195 4194 Cum
1242 4128 1663 4195 recentiores
1725 4128 1901 4194 sexti
1964 4128 2212 4194 decimi
2260 4130 2497 4196 saeculi
2551 4134 2775 4215 poetae
2826 4131 2913 4196 ad
2966 4133 3276 4196 veterum

1025 4241 1479 4306 imitationem
1511 4244 1691 4306 totos
1720 4260 1795 4306 se
1848 4242 2214 4323 fingerent.
2252 4260 2391 4307 non
2431 4243 2637 4307 modo
2674 4242 2902 4326 poesis
2950 4228 3307 4325 tanquam⁴

1027 4356 1524 4440 supellectilem
1576 4358 1663 4422 ab
1711 4356 1797 4420 iis
1846 4355 2296 4438 arcessivere.
2335 4358 2455 4423 sed
2507 4357 2741 4437 etiam,
2797 4374 3040 4422 eorum
3094 4356 3277 4422 cultu

1099 4600 1117 4644 l
1167 4600 1273 4645 Lib.
1295 4601 1354 4645 11.

1077 4602 1140 4731 {2}
1168 4680 1258 4734 Op.
1280 4679 1378 4732 cit„
1401 4678 1485 4723 lib.
1506 4678 1611 4732 vn,
1634 4690 1741 4734 cap.
1765 4679 1895 4734 XIII,
1918 4681 1999 4725 sol.
2018 4681 2114 4726 650.
