3561 5729
1361 612 1679 673 -ῃ-

400 755 527 820 Η16
543 756 692 839 jam
725 759 1012 843 apparet
1050 774 1134 823 ea
1162 756 1598 824 versificandi
1633 757 1771 840 lex,
1807 775 2012 842 quam
2045 758 2319 827 Bolaeus
2353 760 2462 828 his
2495 781 2652 829 ver-

401 868 593 935 sibus
623 869 975 936 mandabit
1010 886 1025 936 ε

535 1058 693 1171 Que¹
712 1060 1022 1143 toujours
1051 1059 1223 1125 dans
1252 1059 1353 1126 les
1387 1078 1544 1126 vers
1581 1058 1643 1125 le
1673 1077 1834 1125 sens
1865 1063 2162 1145 coupant
2188 1061 2291 1127 les
2324 1064 2502 1128 mots

535 1173 886 1258 Suspende
920 1172 1402 1256 l'hemistiche,
1442 1193 1528 1240 en
1562 1193 1848 1259 marque
1878 1174 1944 1241 16
1979 1192 2208 1260 repos.

489 1364 655 1429 Haec
693 1366 798 1429 est
848 1381 1119 1430 summa
1165 1382 1408 1430 versus
1446 1365 1697 1448 figura,
1750 1364 1893 1448 qui,
1941 1364 2001 1430 si
2052 1365 2274 1431 Fabro
2326 1365 2652 1448 creditur,

401 1477 588 1540 certo
635 1475 931 1558 quodam
980 1494 1065 1541 ac
1110 1476 1392 1541 definito
1438 1476 1864 1559 syllabarum
1912 1494 2226 1557 numero,
2278 1496 2546 1544 caesura
2589 1481 2658 1544 et

401 1586 720 1676 rhythmo
786 1592 1073 1656 constat.
1128 1590 1304 1656 Illud
1368 1591 1707 1676 imprimis
1768 1591 2458 1658 animadvertendum
2523 1596 2652 1671 est,

398 1704 571 1768 nihil
607 1704 692 1769 de
723 1703 1052 1770 feminina
1078 1723 1346 1771 caesura
1372 1706 1670 1771 Fabrum
1699 1706 1998 1772 tradere.
2030 1706 2357 1790 Opusculi
2381 1705 2657 1790 quidem

402 1818 562 1899 fine,
613 1818 911 1901 figuram
958 1817 1211 1902 gallice
1260 1842 1293 1880 «
1331 1819 1788 1905 synalymphe
1823 1841 1857 1881 »
1913 1823 2229 1885 vocatam
2265 1819 2656 1886 definiendo

404 1930 727 2018 explicat,
774 1950 931 2015 quae
977 1936 1120 1997 tum
1169 1932 1487 2014 efficitur,
1536 1951 1693 2000 cum
1735 1933 1996 1999 vocalis
2033 1955 2066 1997 «
2105 1952 2168 2015 6,
2216 1956 2249 1994 »
2297 1951 2503 2018 quam
2549 1934 2658 2000 vel

403 2046 663 2109 mutam
716 2045 824 2109 vel
870 2045 1270 2111 femininam
1313 2046 1630 2127 dicimuS,
1680 2046 2094 2111 vocabulum
2136 2045 2480 2129 quoddam
2520 2050 2662 2113 ter-

403 2157 642 2239 minat,
686 2158 982 2243 proximi
1017 2163 1246 2224 autem
1279 2159 1597 2225 vocabuli
1634 2160 1858 2244 prima
1888 2159 2120 2225 littera
2152 2159 2372 2226 altera
2400 2160 2660 2228 vocalis

403 2276 537 2354 est:¹
615 2272 824 2337 immo
888 2277 1223 2338 memorat
1269 2274 1447 2339 hanc
1507 2274 1593 2339 ab
1648 2274 2074 2339 infortunato
2131 2274 2451 2340 traditam
2505 2293 2657 2341 esse

401 2384 655 2468 legem,
692 2389 764 2451 ut
794 2386 1123 2452 feminina
1158 2386 1417 2453 vocalis
1457 2405 1539 2452 eo
1581 2387 1788 2452 modo
1828 2387 2053 2471 posita
2082 2387 2372 2469 nullum,
2411 2406 2497 2453 ne
2532 2388 2656 2453 mi·

403 2500 665 2566 nimum
708 2501 1011 2585 quidem,
1058 2520 1304 2568 sonum
1332 2502 1598 2568 reddat.
1645 2503 1776 2569 Sed
1812 2503 1960 2587 ipse
1994 2503 2314 2588 exempla
2352 2505 2550 2570 affert
2588 2504 2659 2570 in

405 2615 653 2696 quibus
683 2633 822 2681 non
846 2616 923 2682 fit
956 2615 1153 2681 elisio
1194 2632 1208 2680 :

800 2794 900 2896 En
929 2793 1113 2897 ceste
1148 2791 1366 2896 forme
1405 2792 1474 2896 et
1502 2791 1810 2895 maniere

801 2946 967 3047 Bien
1002 2946 1138 3047 m⁸al
1177 2943 1489 3065 congrue⁵
1513 2943 1582 3046 e⁸t
1616 2944 1750 3065 pou
1786 2942 2018 3061 ch⁸ere,
2056 2983 2186 3047 etc.

491 3156 676 3222 Nihil
713 3156 966 3241 alioqui
1004 3158 1075 3222 in
1103 3158 1235 3223 hac
1277 3158 1504 3241 figura
1537 3157 1717 3241 quod
1757 3157 1846 3222 ad
1887 3156 2287 3224 femininam
2322 3176 2660 3225 caesuram

407 3288 567 3336 vere
600 3272 971 3358 pertineat;
1012 3273 1316 3360 nondum
1362 3272 1546 3337 enim
1582 3276 1806 3356 poetae
1842 3291 2088 3338 cavere
2132 3273 2538 3355 didicerant,
2572 3292 2658 3339 ne

403 3389 613 3450 mutae
644 3386 864 3451 vocali
903 3410 935 3446 «
975 3406 1038 3468 6,
1081 3408 1114 3448 1)
1155 3386 1227 3451 111
1274 3390 1585 3452 extrema
1622 3385 2041 3452 hemistichii
2083 3386 2351 3470 syllaba
2384 3386 2653 3472 positae,

403 3517 789 3566 consonans
820 3499 1049 3564 littera
1076 3501 1454 3565 occureret.
1504 3573 1512 3580 ‚

487 3613 680 3689 Quod
710 3613 798 3678 ad
832 3613 1062 3679 varias
1091 3622 1486 3699 poematum
1516 3611 1784 3697 species
1819 3611 2086 3695 attinet,
2125 3611 2403 3696 singula
2437 3612 2658 3678 Faber

401 3727 728 3792 describit
773 3727 1080 3793 carmina
1128 3728 1216 3793 ab
1260 3727 1643 3812 aequalibus
1688 3705 1909 3811 poetis
1959 3726 2143 3792 culta
2189 3742 2204 3791 ε
2254 3726 2502 3810 quibus
2534 3745 2654 3793 no-

402 3840 588 3905 mina
615 3840 867 3924 gallice
897 3841 1337 3907 redduntur«
1374 3841 1515 3925 lay,
1567 3840 1857 3925 virelay,
1910 3839 2243 3922 rondeau,
2288 3841 2652 3926 chapellet,

399 3952 746 4037 palinode,
780 3953 1128 4040 epilogue,
1161 3953 1420 4019 resrain
1466 3953 1808 4034 branlant,
1850 3952 2147 4034 ballade,
2186 3952 2395 4019 chant
2432 3954 2652 4038 royal,

402 4067 809 4134 servantoiS.
849 4091 883 4129 »
931 4068 1186 4134 Eadem
1230 4068 1508 4134 omnino
1554 4070 1712 4134 sunt
1750 4084 2014 4151 genera
2051 4085 2207 4151 quae
2242 4068 2329 4133 ab
2361 4066 2657 4134 Intortu-

401 4187 563 4251 nato
599 4185 882 4251 definita
910 4188 1129 4266 erant,
1167 4204 1323 4269 quae
1354 4203 1519 4251 vero
1554 4185 1704 4251 sola
1741 4187 1968 4269 poetae
1994 4184 2266 4267 jamdiu
2292 4188 2649 4252 noverant.

404 4298 505 4363 Ex
555 4297 665 4364 his
715 4299 1173 4384 poematibus,
1228 4317 1385 4383 quae
1433 4299 1505 4364 in
1547 4298 1776 4384 priore
1831 4297 2080 4364 mediae
2119 4297 2344 4364 aetatis
2388 4301 2582 4384 parte
2614 4317 2659 4364 a

404 4412 656 4478 nostris
689 4413 961 4479 vatibus
995 4413 1180 4479 culta
1211 4415 1392 4494 sunt,
1430 4413 1749 4497 quaedam
1767 4413 2187 4501 jampridem
2229 4413 2594 4480 exolevere
2635 4430 2651 4480 t

404 4525 765 4591 duodecim
800 4527 1221 4610 syllabarum
1257 4545 1520 4614 versuS‚
1557 4546 1760 4612 quem
1787 4526 1887 4592 illi
1920 4526 2349 4594 celebrandis
2379 4527 2657 4595 fortium

404 4639 711 4705 virorum
760 4641 1094 4730 praeclare
1143 4641 1339 4707 sactis
1386 4640 1643 4726 saepius
1695 4641 2414 4723 accommodaverunt,
2469 4644 2661 4708 tanta

686 4767 735 4802 6.
777 4767 822 4802 ι».
2343 4750 2377 4802 2
