3561 5729
1282 661 1359 672 --
1407 625 1518 687 101
1563 660 1644 672 -

426 773 582 839 Non
646 771 878 836 forsan
933 770 1038 835 est
1100 769 1281 835 unde
1345 767 1674 834 miremur
1729 766 1789 833 si
1841 764 2220 833 novissima
2283 746 2595 853 superio-

340 905 493 952 rum
557 889 951 970 temporum
1019 900 1283 967 genera
1334 881 1743 948 Valkelinus
1798 880 2014 962 norit,
2079 899 2234 964 quae
2295 900 2435 948 non
2499 883 2597 949 ita

340 1000 608 1089 pridem
649 997 885 1064 multis
917 996 1240 1063 laudibus
1294 995 1640 1061 florerent.
1691 994 1821 1061 Sed
1858 976 2109 1060 mirum
2165 994 2388 1079 magis
2423 994 2593 1062 illud

338 1112 579 1179 haberi
621 1113 869 1197 potest,
924 1110 1132 1195 quod,
1171 1109 1671 1176 remotissimas
1722 1112 1981 1174 nostrae
2014 1108 2244 1193 poesis
2298 1108 2596 1192 linguae-

342 1245 473 1311 que
505 1225 814 1309 origines
849 1224 1376 1310 persecutuS,de
1401 1223 1748 1309 plerisque
1777 1222 2162 1288 rectissime
2180 1223 2472 1307 judicat,
2502 1226 2594 1306 et,

343 1342 661 1427 quamvis
695 1341 952 1430 saepius
978 1340 1066 1406 sit
1096 1340 1210 1406 ubi
1245 1340 1607 1421 claudicet,
1647 1340 1716 1405 in
1747 1357 1868 1405 eos
1895 1343 2128 1405 tamen
2158 1357 2431 1406 errores
2460 1360 2599 1407 non

340 1456 716 1538 delabitur,
750 1456 999 1541 quibus
1029 1454 1400 1539 aequalium
1427 1457 1597 1521 aetas
1618 1454 1907 1542 decepta
1926 1454 2337 1538 gallicarum
2364 1474 2599 1522 rerum

343 1569 765 1636 incunabula
815 1569 1134 1635 absurdis
1184 1568 1592 1635 commentis
1626 1567 2161 1635 adulteraverat.
2202 1569 2375 1643 Quid
2413 1569 2597 1636 enim

340 1683 512 1749 recti
550 1683 635 1747 de
671 1681 1050 1748 domestica
1095 1685 1434 1746 vetustate
1468 1697 1607 1745 non
1659 1679 1865 1745 modo
1898 1679 2190 1746 inveniri
2233 1681 2353 1746 sed
2390 1682 2598 1748 etiam

343 1795 597 1880 inquiri
637 1798 906 1880 poterat
929 1795 1016 1861 ab
1053 1795 1162 1876 iis,
1198 1794 1312 1879 qui
1350 1793 1870 1877 nostraegentis
1912 1793 2219 1877 origines
2252 1813 2294 1859 a
2330 1795 2599 1878 Scythis

346 1915 413 1977 et
454 1911 855 1995 Babyloniis
892 1911 1317 2000 repeterent?
1368 1910 1474 1976 Illi
1522 1929 1711 1986 vero,
1751 1910 1866 1994 qui
1917 1929 2146 1976 rerum
2191 1911 2598 1977 memoriam

344 2045 431 2090 ex
458 2028 601 2090 tam
641 2025 1024 2110 longinqua
1058 2027 1395 2090 vetustate
1435 2023 1794 2089 revolvere
1830 2023 2258 2105 dubitabant,
2292 2044 2335 2089 a
2366 2026 2600 2110 Troja-

341 2140 449 2206 nis
485 2141 731 2205 saltem
783 2140 892 2204 vel
941 2139 1149 2204 etiam
1194 2157 1236 2204 a
1292 2138 1552 2205 Graecis
1605 2139 1906 2203 Francos
1958 2142 2145 2204 ortos
2197 2157 2349 2206 esse
2396 2139 2600 2207 facile

342 2256 805 2340 patiebantur.
860 2254 985 2320 Hae
1039 2256 1269 2320 autern
1319 2272 1556 2339 pravae
1606 2254 1993 2342 opiniones,
2032 2273 2187 2320 cum
2246 2255 2332 2320 ad
2381 2253 2599 2340 ipsius

343 2366 579 2452 populi
616 2366 1001 2448 historiam,
1037 2367 1180 2431 tum
1215 2365 1303 2430 ad
1333 2365 1562 2451 poesis
1593 2366 2068 2449 sermonisque
2096 2366 2354 2432 fontem
2389 2367 2599 2451 perti-

342 2479 621 2544 nebant.
690 2478 1062 2562 Scythicae,
1126 2477 1552 2561 Babyloniae‚
1619 2479 1933 2561 Trojanae
1995 2477 2258 2562 linguae
2328 2479 2601 2564 penitus

343 2590 610 2675 ignaris
643 2593 711 2658 et
735 2592 1189 2658 insolentibus
1214 2591 1687 2675 grammaticis
1712 2591 2105 2675 criticisque
2142 2610 2275 2657 non
2310 2591 2379 2657 in
2405 2612 2600 2658 men-

340 2707 482 2770 tem
512 2704 699 2769 venit
725 2704 1178 2770 domesticum
1209 2722 1600 2770 sermonem
1629 2704 1789 2769 inde
1820 2708 2166 2791 repetere;
2206 2704 2328 2769 sed
2367 2704 2594 2783 aliter,

344 2836 484 2885 non
517 2837 682 2886 vero
731 2818 976 2901 leviuS,
1015 2819 1425 2905 peccabant:
1486 2817 2060 2903 quinquagesimo
2108 2821 2305 2886 sexto
2357 2818 2597 2886 saeculi

342 2950 529 2998 anno
577 2932 939 2998 Perionius
984 2932 1260 3016 quidam
1306 2932 1956 2998 commentationem
2009 2932 2221 2999 latine
2269 2932 2596 3017 scriptam

344 3045 681 3127 ediderat,
743 3045 815 3110 in
867 3065 1002 3130 qua
1053 3046 1422 3111 francicam
1480 3046 1792 3130 linguam
1842 3064 1885 3110 a
1932 3045 2210 3131 gallica,
2271 3044 2598 3130 gallicam

348 3178 515 3225 vero
546 3178 588 3224 a
618 3161 861 3226 Graeca
889 3159 1271 3225 derivatam
1308 3178 1461 3225 esse
1497 3160 1873 3225 docebatur
1904 3163 1922 3242 (
1938 3162 2015 3244 l).

433 3274 625 3348 Quod
657 3275 714 3340 si
747 3274 1180 3356 Valkelinus,
1213 3274 1283 3339 in
1323 3274 1500 3339 hanc
1531 3274 1840 3340 omnium
1877 3292 2105 3339 rerum
2136 3272 2596 3361 perturbatio-

344 3407 506 3455 nem
537 3390 884 3475 delapsuS,
924 3409 1010 3455 ex
1047 3367 1145 3456 tot
1179 3390 1531 3456 erroribus
1565 3393 1957 3455 nostrarum
1998 3388 2348 3472 originum
2382 3387 2598 3454 histo—

341 3505 517 3570 riam
569 3525 704 3571 non
758 3506 960 3594 plane
1017 3506 1296 3591 quidem
1340 3506 1830 3591 expedivisset,
1882 3506 2001 3571 sed
2059 3505 2127 3570 id
2176 3504 2458 3571 luminis
2511 3504 2595 3570 iis

342 3618 712 3699 attulisset,
773 3638 907 3703 quo
961 3619 1030 3685 in
1082 3621 1247 3685 Arte
1297 3620 1565 3704 poetica
1629 3619 2088 3701 illustrantur,
2148 3636 2354 3683 nemo
2418 3617 2595 3683 inter

341 3729 849 3795 eruditissimos
884 3730 1121 3795 saeculi
1162 3730 1348 3795 viros
1376 3730 1437 3795 ei
1469 3730 1713 3795 merito
1749 3728 2136 3814 comparari
2168 3731 2420 3812 posset.
2462 3725 2593 3792 Sed

342 3841 587 3909 eodem
636 3840 784 3925 ipso
841 3818 1173 3924 tempore,
1212 3859 1347 3924 quo
1392 3859 1672 3905 manum
1716 3838 1908 3925 operi
1956 3839 2392 3918 admovebat,
2438 3856 2596 3923 per-

340 3972 567 4021 versae
600 3954 986 4039 opinioneS,
1020 3954 1267 4037 quibus
1301 3953 1514 4019 animi
1549 3953 1793 4020 imbuti
1825 3955 2045 4033 erant,
2063 3953 2212 4035 jam
2242 3954 2594 4035 coeperant

340 4065 748 4132 labefactari
820 4069 888 4131 et
940 4065 1283 4130 excidere.
1337 4066 1744 4130 Franciscus
1792 4067 2171 4130 Hotmanus
2227 4066 2598 4147 septuage-

343 4181 520 4248 simo
564 4180 866 4247 secundo
928 4180 1165 4246 saeculi
1208 4198 1389 4247 anno
1441 4176 2075 4249 Franco-Galliam
2124 4178 2289 4259 edit,
2335 4178 2406 4243 in
2460 4195 2595 4262 qua

341 4297 767 4362 Francorum
798 4272 1139 4379 originem
1174 4313 1311 4361 non
1337 4297 1486 4379 jam
1520 4295 1607 4361 ad
1644 4295 1932 4379 Scythas
1966 4293 2077 4359 vel
2111 4293 2198 4358 ad
2233 4292 2590 4376 TrojanOS,

340 4409 463 4476 sed
522 4409 609 4474 ad
660 4409 1039 4474 Germanos
1083 4412 1384 4475 revocat.
1438 4411 1737 4474 Joannes
1780 4407 1994 4474 Tilius
2026 4405 2106 4493 (2)
2152 4408 2220 4472 et
2253 4404 2592 4491 Papyrius

392 4590 454 4645 (1)
481 4590 526 4634 J.
554 4590 769 4635 Perionii
787 4592 978 4647 Diatoqi
995 4592 1050 4634 do
1069 4591 1244 4647 linqua
1260 4592 1442 4648 qalli'cae
1460 4592 1662 4646 oriaino.
1684 4589 1806 4636 1546.

393 4669 457 4722 (⁶2)
483 4671 668 4713 Recuot'l
685 4672 762 4713 da
782 4683 895 4725 rous
915 4671 971 4713 de
988 4670 1188 4725 Franco,
1210 4669 1328 4715 1577.
