3561 5729
1819 624 2209 687 ·-128-

907 771 1124 837 multo
1157 768 1436 852 longius
1469 784 1513 832 a
1544 765 1896 832 Valkelini
1926 768 2223 833 verbosa
2253 766 2640 850 diffusaque
2666 766 2968 849 licentia,
3006 785 3164 851 quae

907 888 1141 952 tamen
1173 901 1369 950 suam
1399 883 1554 967 ipsa
1575 881 2083 966 jucunditatem
2120 881 2491 966 aliquando
2527 881 2758 947 habet.
2794 882 2948 947 Non
2982 885 3169 947 certe

908 998 973 1063 ei
1027 995 1297 1063 crimini
1350 994 1520 1059 illud
1571 993 1747 1060 verti
1798 996 2057 1078 potest,
2114 994 2297 1078 quod
2340 992 2630 1059 nimiam
2686 992 3169 1059 remissionem

910 1114 1140 1175 cavet:
1175 1108 1297 1174 sed
1338 1108 1519 1173 inter
1561 1106 1860 1173 solutam
1887 1106 2246 1174 lasciviam
2281 1109 2349 1173 et
2381 1106 2680 1173 ferream
2726 1107 3169 1173 severitatem

909 1209 1215 1289 medium
1250 1222 1596 1306 quoddam
1629 1224 1800 1288 erat.
1834 1221 2043 1288 Nulla
2069 1222 2215 1288 fere
2255 1220 2324 1287 in
2359 1224 2684 1305 quattuor
2716 1221 2935 1287 Bolaei
2969 1221 3169 1287 libris

912 1335 1255 1420 digressio
1302 1334 1675 1417 invenitur,
1726 1334 1862 1401 nisi
1920 1353 2101 1413 cum,
2140 1334 2362 1400 ultimi
2410 1334 2635 1415 initio,
2687 1335 3167 1402 Florentinum

911 1450 1256 1536 quendam
1271 1449 1559 1531 inducit,
1588 1449 1705 1534 qui
1728 1468 1817 1516 ex
1840 1450 2142 1535 pessimo
2163 1449 2432 1516 medico
2462 1450 2762 1538 optimus
2789 1450 3169 1517 architecta

912 1567 1250 1632 evaserat.
1279 1563 1479 1630 Omni
1514 1566 1920 1630 ornamento
1949 1563 2272 1646 abstinet,
2298 1582 2428 1630 nec
2453 1564 2672 1630 ullum
2694 1564 3166 1630 laxamentum

912 1679 1045 1747 sibi
1074 1679 1223 1768 ipse
1253 1677 1588 1745 concedit.
1627 1677 2040 1744 Valkelinus
2074 1680 2313 1744 contra
2334 1692 2540 1762 quam
2575 1677 2893 1763 plurimis
2919 1654 3171 1743 verbo-

912 1811 1068 1858 rum
1100 1791 1732 1875 sententiarumque
1768 1790 2146 1857 luminibus
2180 1809 2383 1857 suum
2413 1809 2662 1875 poema
2697 1793 2897 1856 ornat
2926 1792 2994 1856 et
3025 1789 3169 1855 dis-

909 1906 1188 1989 tinguit.
1261 1905 1543 1972 Summa
1604 1898 1968 1988 diligentia
2026 1904 2313 1970 nimiam
2377 1904 2853 1970 austeritatem
2914 1901 3159 1969 evitat:

912 2018 1144 2102 itaque
1215 2016 1726 2096 similitudineS‚
1792 2018 2057 2101 figuras
2110 2019 2649 2101 ornamentaque
2694 2016 2836 2082 alia
2876 2035 2963 2083 ex
3008 2015 3167 2082 aliis

913 2131 1105 2198 serit.
1143 2128 1385 2195 Brevis
1414 2128 1692 2213 quidem
1726 2128 2101 2213 aliquando
2137 2132 2266 2209 est,
2307 2147 2460 2195 cum
2487 2131 2839 2213 praecepta
2870 2127 3078 2193 tradit
3098 2129 3168 2193 et

914 2245 1109 2309 vates
1141 2242 1312 2308 artis
1356 2242 1554 2326 leges
1593 2242 1825 2308 docet:
1875 2241 2086 2307 immo
2121 2241 2401 2325 quidam
2449 2242 2597 2326 ejus
2648 2259 2893 2309 versus
2925 2240 3169 2307 referri

912 2360 1225 2448 possunt,
1259 2358 1376 2443 qui
1411 2357 1484 2423 in
1535 2356 1885 2442 proverbii
1929 2356 2523 2439 consuetudinem,
2562 2357 2772 2423 veluti
2808 2360 2908 2423 tot
2951 2356 3165 2424 Bolaei

913 2472 1247 2554 carmina,
1285 2470 1530 2537 merito
1563 2469 1919 2537 venissent
1952 2467 2059 2557 (l).
2096 2470 2229 2536 Sed
2264 2488 2403 2536 non
2435 2487 2709 2555 semper
2744 2487 2983 2536 arcum
3015 2473 3169 2536 ten-

912 2585 1012 2652 dit
1035 2588 1104 2652 et
1135 2585 1448 2653 remissae
1478 2584 1737 2673 proprii
1773 2583 2037 2668 ingenii
2071 2602 2270 2650 venae
2294 2587 2479 2651 totus
2502 2583 2908 2669 plerumque
2940 2582 3170 2649 indul-

910 2704 1053 2786 get.
1118 2702 1236 2766 Est
1296 2699 1368 2765 in
1428 2701 1577 2783 ejus
1632 2701 1800 2765 Arte
1861 2698 2121 2783 aliquid
2172 2698 2316 2765 laeti
2376 2702 2446 2765 et
2499 2698 2750 2765 festivi.
2815 2697 3037 2780 Nihil,
3092 2699 3169 2764 ut

909 2813 1230 2899 exempla
1275 2812 1509 2897 aliqua
1554 2810 2011 2901 proferamus,
2046 2811 2423 2896 ,iucundius
2468 2830 2622 2879 esse
2664 2813 2913 2902 potest,
2959 2828 3168 2896 quam

908 2929 1062 2995 haec
1084 2929 1234 3012 Jam
1265 2927 1483 2993 relata
1517 2925 1897 2993 similitudo
1922 2926 2102 2992 inter
2123 2930 2347 3012 poetae
2372 2926 2730 3011 ingenium
2759 2926 3168 3013 placidaque

904 3042 1100 3109 lacus
1133 3059 1438 3126 aequora.
1480 3041 1556 3106 In
1586 3040 1815 3129 primo
1844 3041 2024 3107 libro
2059 3043 2281 3107 artem
2315 3041 2739 3108 carminibus
2781 3041 3167 3109 scribendis

908 3153 1375 3221 necessariam
1430 3170 1583 3219 esse
1639 3152 1885 3220 eadem
1936 3170 2151 3242 prope
2207 3155 2570 3220 venustate
2616 3156 2685 3220 et
2748 3152 2978 3238 gratia
3042 3171 3167 3241 per

910 3270 1210 3354 figuram
1240 3267 1579 3335 ostendit:

1098 3468 1112 3481 .
1144 3469 1157 3482 .
1187 3467 1202 3482 .
1251 3417 1493 3493 Quand
1525 3436 1618 3483 un
1652 3417 1930 3483 homme
1957 3435 2049 3483 va
2076 3435 2252 3506 pour
2288 3437 2382 3484 un
2417 3418 2717 3504 plaisant
2748 3419 2983 3486 soulas

1083 3532 1266 3597 Dans
1300 3530 1597 3615 quelque
1626 3532 1803 3598 beau
1823 3530 2061 3614 Jardin
2093 3531 2329 3598 dresse
2364 3551 2490 3617 par
2526 3533 2828 3600 entrelas

1084 3647 1374 3728 Dfaires‚
1408 3648 1492 3713 de
1523 3646 2005 3732 pourmenoirs
2039 3648 2108 3713 et
2137 3648 2222 3714 de
2250 3648 2547 3732 longues
2581 3649 2820 3730 alleeS,

1089 3758 1316 3824 Partis
1345 3758 1810 3825 diversement
1842 3776 1928 3824 en
1963 3761 2194 3825 sentes
2224 3759 2556 3843 egalleeS,

1086 3871 1205 3938 S’il
1241 3871 1521 3937 marche
1557 3870 1997 3955 dedaigneux
2030 3889 2156 3956 par
2181 3872 2424 3940 dessus
2456 3874 2561 3941 les
2593 3873 2925 3959 plancons

1086 3984 1220 4049 Des
1249 3983 1458 4065 aires,
1497 3983 1869 4068 compartis
1905 4002 1991 4049 en
2026 3983 2335 4051 diverses
2366 3985 2627 4068 fac-ons,

1087 4097 1170 4162 Et
1198 4096 1363 4181 qu'il
1392 4114 1632 4182 rompe
1666 4115 1752 4163 en
1786 4100 2070 4185 passant
2101 4098 2203 4164 les
2237 4098 2573 4166 bordures
2598 4100 2894 4168 tondues

1094 4209 1173 4274 Et
1210 4208 1372 4275 d’un
1408 4210 1627 4294 gentil
1657 4209 1859 4276 dedal
1890 4209 1991 4276 les
2025 4211 2338 4296 hayettes
2365 4212 2651 4280 sendues

1089 4322 1200 4387 Au
1228 4320 1369 4388 lieu
1402 4320 1646 4388 d’aller
1665 4323 1931 4407 joyeux
1964 4341 2091 4407 par
2126 4323 2229 4390 les
2253 4325 2458 4410 petits
2491 4326 2786 4393 sentiers

1087 4434 1399 4501 Divisant
1426 4436 1492 4502 le
1528 4439 1838 4521 parterre
1876 4454 1966 4503 en
1997 4455 2111 4504 ses
2139 4437 2371 4505 divers
2400 4440 2768 4523 quartiers‚

965 4656 1028 4715 (1)
1054 4658 1122 4702 Co
1141 4661 1256 4702 sont
1273 4658 1507 4703 tableaux
1530 4660 1751 4714 parlante
1770 4671 1867 4716 que
1884 4661 1961 4705 les
1982 4672 2096 4706 vers
2116 4661 2231 4706 bien
2252 4663 2432 4706 esci-its
2449 4663 2556 4716 (lib.
2577 4664 2632 4714 11.
