3561 5729
1935 579 2295 639 —130—

921 742 930 753 ⁰
982 733 1196 798 Multa
1219 729 1358 796 alia
1390 726 1707 815 exempla
1742 724 2035 808 allegari
2069 727 2384 808 possent;
2424 725 2577 791 haec
2617 743 2807 803 ver0,
2847 744 3003 809 quae
3029 744 3241 811 supra

984 845 1393 922 rettulimuS,
1427 841 1594 908 satis
1624 840 1995 906 ostendunt
2015 839 2359 923 quomodo
2382 839 2702 904 didactici
2728 839 2958 924 operis
2978 841 3242 906 severi-

981 964 1193 1029 tatem
1234 958 1574 1046 temperet
1604 957 1842 1020 noster
1886 956 2110 1039 poeta.
2146 954 2273 1019 Illa
2306 952 2458 1038 ipsa
2491 952 2827 1020 festivitas
2863 973 3021 1020 eum
3050 958 3236 1021 certe

983 1075 1054 1140 in
1097 1072 1342 1138 vitium
1389 1068 1646 1153 saepius
1692 1067 1936 1133 trahit:
1983 1084 2227 1154 parum
2272 1084 2553 1151 pressus
2591 1070 2719 1148 est,
2758 1067 2966 1134 nimis
2995 1068 3246 1133 verbo-

984 1206 1127 1268 sus,
1164 1190 1233 1252 et
1271 1182 1533 1267 ingenii
1562 1181 1668 1247 sui
1703 1185 2023 1269 prompta
2051 1179 2380 1245 facilitate
2416 1179 2571 1265 plus
2593 1198 2796 1264 aequo
2830 1180 3240 1265 delectatum

982 1319 1225 1368 verum
1289 1301 1523 1364 tamen
1575 1295 1649 1361 in
1699 1312 1784 1360 eo
1837 1292 2096 1359 nitidus
2150 1292 2432 1377 quidam
2498 1294 2690 1360 color
2747 1294 3249 1379 familiarisque

981 1414 1263 1483 licentia
1293 1410 1562 1478 laudari
1599 1411 1911 1495 possunt,
1947 1409 2264 1493 quamvis
2298 1408 2416 1475 ille
2450 1426 2590 1475 non
2610 1408 2780 1475 satis
2815 1428 3031 1477 sanus
3061 1428 3244 1491 esse,

985 1532 1137 1596 haec
1163 1545 1330 1594 vero
1356 1526 1538 1592 ultra
1572 1523 1853 1590 modum
1887 1522 2209 1588 lascivire
2245 1523 2486 1589 soleat.

1075 1646 1170 1710 De
1213 1639 1580 1728 praeceptis
1622 1657 1706 1704 ac
1753 1655 2028 1703 summa
2073 1638 2302 1722 poesis
2336 1638 2728 1724 disciplina,
2781 1659 2920 1707 non
2955 1642 3250 1708 multum

989 1754 1357 1821 Valkelino
1405 1752 1705 1828 Bolaeus‚
1756 1754 1833 1816 ut
1872 1750 2021 1832 jam
2071 1750 2327 1815 dictum
2377 1753 2505 1826 est,
2543 1750 2833 1832 addidit,
2882 1770 3036 1818 eam
3084 1771 3254 1818 vero
3326 1828 3331 1835 ,

987 1866 1263 1932 laudem
1294 1864 1425 1931 sibi
1462 1862 1817 1929 vindicare
1852 1861 2099 1927 merito
2125 1864 2374 1946 potest,
2410 1861 2590 1945 quod
2621 1861 3059 1946 singulorum
3089 1882 3257 1949 poe-

989 1986 1251 2047 matum
1286 1980 1479 2063 leges
1509 1978 1765 2045 certius
1805 1976 2340 2062 expressiusque
2374 1976 2762 2067 descripsit.
2807 1977 2993 2044 Nihil
3026 1978 3253 2057 dubii,

988 2094 1161 2161 nibil
1192 2092 1520 2180 incompti
1557 2110 1711 2158 esse
1746 2090 1910 2156 sinit
1940 2094 2174 2176 poeta-3
2206 2090 2291 2156 de
2324 2090 2512 2157 omni
2548 2109 2650 2171 re,
2685 2109 2842 2174 quae
2871 2091 2959 2157 ad
2986 2092 3259 2177 poesim

991 2209 1312 2294 pertinet,
1372 2204 1757 2273 decretorio
1802 2205 1998 2289 quasi
2060 2206 2265 2272 modo
2303 2205 2606 2288 judicat3
2664 2206 2948 2290 ejusque
3005 2207 3264 2273 breves

992 2326 1351 2406 acutaeque
1382 2319 1743 2388 sententiae
1773 2338 2019 2385 sanum
2050 2318 2221 2385 illud
2257 2322 2322 2385 et
2357 2337 2516 2385 acre
2544 2319 2887 2402 judicium
2915 2322 3263 2387 testantur

991 2438 1188 2521 cujus
1237 2436 1385 2525 ipse
1431 2434 1560 2501 sibi
1606 2435 1926 2500 conscius
1977 2440 2101 2498 est.
2153 2435 2411 2516 Magna
2463 2433 2741 2517 quidem
2784 2434 2938 2500 haec
2989 2434 3252 2520 virtus;

993 2550 1142 2630 sed,
1185 2569 1342 2616 cum
1390 2553 1637 2616 cuncta
1682 2547 1912 2632 poesis
1946 2565 2209 2630 genera
2242 2546 2399 2612 fixis
2442 2547 2880 2631 definitisque
2914 2547 3259 2615 limitibus

994 2662 1348 2730 includere
1393 2663 1720 2738 ,tentaret
1784 2663 2003 2736 vates,
2068 2660 2452 2726 timendum
2517 2663 2689 2742 erat,
2746 2680 2834 2726 ne
2892 2666 3261 2749 poetarum

995 2797 1246 2845 venam
1313 2777 1832 2861 angustioribus
1902 2775 2143 2864 spatiis
2195 2775 2568 2859 aliquando
2630 2775 3258 2843 circumscriberet.

996 2895 1189 2971 Quod
1224 2894 1503 2979 quidem
1533 2894 1778 2960 vitium
1805 2911 1940 2958 non
1968 2910 2242 2977 semper
2267 2892 2485 2957 vitare
2509 2891 2750 2976 potuit.
2779 2891 3259 2978 Epigramma,

997 3010 1191 3092 quus
1220 3007 1360 3073 vim
1391 3009 1576 3073 recte
1613 3005 2023 3072 Valkelinus
2057 3006 2519 3095 expresserat,
2545 3004 2917 3072 artioribus
2945 3005 3268 3072 terminis

999 3122 1273 3188 Bolaeus
1321 3113 1754 3204 constringit.
1816 3119 2259 3203 Tragoediam
2310 3118 2606 3185 austeris
2659 3117 2935 3202 legibus
2982 3119 3263 3201 subicit,

999 3254 1183 3321 quae,
1234 3235 1504 3302 etiamsi
1546 3254 1589 3300 a
1633 3233 2003 3300 Valkelino
2041 3235 2192 3317 jam
2238 3233 2508 3316 tragico
2558 3233 2750 3321 operi
2782 3236 3014 3299 essent
3037 3233 3269 3322 impo-

1000 3352 1179 3433 sitae,
1228 3350 1660 3416 remissiores
1703 3352 1939 3414 tamen
1989 3348 2171 3434 apud
2218 3347 2401 3414 hunc
2446 3366 2599 3414 esse
2650 3347 3083 3414 videbantur.
3126 3348 3266 3414 Sed

1001 3463 1141 3529 alia
1190 3462 1511 3546 quaedam
1557 3461 1845 3545 gravius
1895 3460 2304 3551 reprehendi
2371 3460 2646 3528 debent.
2694 3460 2950 3544 Idyllii,
2991 3461 3076 3528 de
3123 3480 3268 3545 quo

1001 3575 1421 3661 paucissima.
1484 3573 1895 3640 Valkelinus
1966 3573 2371 3658 scripserat,
2425 3576 2742 3640 naturam
2788 3575 2937 3640 fuse
2985 3574 3267 3657 lateque

1002 3692 1378 3778 explanare
1425 3691 1573 3757 vult
1623 3691 1799 3757 sexti
1850 3689 2101 3756 decimi
2161 3688 2397 3757 saeculi
2450 3694 2690 3779 poeta3
2738 3692 2836 3770 at,
2869 3708 3271 3775 quanquam

1003 3806 1175 3873 illud
1209 3824 1382 3894 opus
1416 3804 1694 3870 rusticae
1732 3804 1983 3889 puellae
2031 3807 2412 3889 comparat,
2462 3823 2787 3871 versuum
2833 3804 2906 3871 in
2940 3805 3075 3871 hoc
3108 3804 3266 3890 ipso

1002 3921 1155 3986 loco
1181 3917 1701 4004 magnificentia
1719 3937 1965 4003 parum
1998 3919 2085 3984 ad
2120 3937 2273 3983 eam
2309 3918 2823 4004 simplicitatem
2842 3920 3007 4003 apta
3039 3921 3274 4004 potest

1004 4034 1251 4116 videri,
1290 4052 1497 4119 quam
1528 4031 2043 4117 simplicissimo
2074 4032 2314 4116 generi
2348 4032 2497 4117 ipse
2531 4031 3038 4098 accommodari
3076 4034 3269 4098 recte

993 4148 1192 4231 jubet
1227 4146 1334 4234 (l).
1373 4147 1814 4213 Pindaricam
1846 4147 2049 4212 odam
2078 4164 2217 4211 non
2238 4146 2406 4212 satis
2429 4145 2796 4230 intellegit,
2821 4147 3014 4230 cujus
3038 4146 3264 4230 legeS,

1005 4262 1244 4344 quales
1287 4262 1374 4327 ab
1427 4279 1510 4327 eo
1576 4261 1934 4340 docentur,
1989 4260 2077 4326 ad
2136 4260 2205 4325 id
2252 4259 2587 4342 valerent,
2638 4263 2715 4326 ut
2766 4260 3001 4326 nescio
3059 4279 3268 4344 quem

1006 4374 1317 4440 divinum
1358 4373 1609 4440 mentis
1665 4374 2065 4440 instinctum
2120 4373 2416 4456 frigidus
2472 4376 2677 4462 poeta
2718 4374 3157 4441 assimularet
3198 4377 3270 4439 et

1058 4643 1120 4696 (ll
1149 4644 1206 4685 V.
1229 4644 1402 4694 Emer.
1425 4643 1514 4697 Op.
1544 4643 1643 4694 cit„
1659 4642 1731 4686 Ys·
1749 4643 1910 4696 locon.
