3561 5729
1916 682 2234 749 -ρο-

952 831 1493 913 assumpserunt,
1554 847 1689 912 quo
1762 831 2072 914 tempore
2138 834 2528 898 nostrorum
2590 835 2935 919 majorum
3001 852 3204 902 aures

950 940 1253 1006 nonduin
1279 944 1490 1006 tantae
1514 938 1837 1024 religioni
1865 946 2335 1008 assueverant.

1037 1056 1213 1131 Quot
1245 1057 1313 1121 et
1346 1055 1592 1140 quibus
1621 1055 1844 1121 modis
1877 1052 2185 1144 rhythmi
2214 1076 2365 1124 sese
2401 1059 2839 1143 intersecent,
2860 1062 3012 1144 jam
3044 1060 3204 1127 hinc

949 1171 1169 1237 Faber
1207 1171 1426 1237 docet.
1469 1172 1635 1236 Haec
1668 1171 1968 1255 primum
2015 1174 2288 1238 notatur
2317 1173 2519 1255 ratio,
2577 1191 2712 1258 qua
2741 1174 3003 1262 primus
3050 1193 3206 1240 ver-

947 1305 1065 1353 sus
1097 1287 1300 1353 tertio
1339 1286 1683 1367 convenit,
1722 1288 1965 1370 quarto
1991 1287 2359 1370 secundus,
2395 1287 2669 1372 quintus
2699 1292 2928 1355 autem
2956 1308 3199 1356 sonum

947 1401 1164 1465 mutat
1197 1402 1266 1465 et
1312 1400 1603 1485 septimo
1637 1400 2032 1484 respondet,
2090 1401 2630 1484 congruentibus
2673 1401 2852 1467 inter
2897 1421 2972 1468 se
3006 1405 3200 1468 sexto

945 1516 1013 1578 et
1060 1516 1301 1579 octavo
1331 1510 1437 1600 (l).
1488 1514 1653 1578 Inde
1688 1515 1975 1602 apparet
2021 1514 2326 1580 nondum
2376 1532 2528 1579 eam
2572 1514 2802 1598 legem
2850 1518 3203 1600 acceptam

949 1642 1126 1706 esse,
1152 1643 1288 1709 qua
1320 1624 1681 1690 masculini
1702 1625 2148 1708 femininique
2173 1622 2485 1712 rhythmi
2506 1628 2693 1692 certa
2720 1627 2985 1692 ratione
3015 1627 3202 1692 vices

950 1738 1256 1823 variant3
1297 1739 1594 1827 primum
1629 1738 1814 1804 enim
1852 1739 2057 1821 huJus
2093 1739 2354 1805 ordinis
2385 1740 2892 1817 observantiam
2925 1738 3200 1822 gallicae

938 1855 1129 1944 poesi
1160 1874 1203 1920 a
1236 1855 1596 1939 Ronsardo
1628 1854 2022 1940 impositam
2048 1873 2200 1921 esse
2228 1859 2515 1922 constat.
2545 1856 2698 1922 Alio
2729 1857 2933 1922 modo
2959 1875 3201 1922 versus

940 1970 1210 2058 disponi
1255 1972 1562 2054 possunt,
1613 1988 1750 2035 non
1803 1969 2103 2036 absimili
2160 1969 2462 2053 quidem,
2515 1970 2648 2036 nisi
2707 1970 2886 2055 quod
2938 1967 3202 2037 leonini

940 2084 1119 2149 inter
1147 2104 1221 2151 se
1251 2085 1409 2150 sunt
1442 2085 1724 2167 quartus
1751 2084 1821 2148 et
1851 2083 2128 2167 quintus
2156 2099 2170 2149 :
2203 2083 2386 2172 hunc
2420 2084 2733 2149 ordinem
2761 2085 2953 2169 sequi
2976 2085 3200 2151 solent

938 2196 987 2262 ii
1023 2199 1263 2263 cantus
1298 2214 1588 2280 quorum
1618 2214 1871 2261 nomen
1920 2195 2170 2279 gallice
2217 2193 2464 2263 hellada
2501 2199 2604 2262 est
2641 2196 2746 2283 (2).
2806 2197 3194 2281 Aliquando

939 2311 1200 2400 primus
1238 2310 1713 2395 secundusque
1746 2307 2111 2397 rhythmus
2145 2316 2388 2393 quarto
2413 2315 2480 2375 et
2506 2310 2740 2393 quinto
2763 2313 3154 2394 congruunt
3178 2328 3193 2395 ;

936 2426 1177 2492 tertius
1221 2443 1386 2491 vero
1430 2425 1782 2490 diversum
1832 2424 2057 2488 reddit
2111 2442 2355 2490 sonum
2400 2443 2481 2489 ac
2525 2428 2719 2490 sexto
2768 2424 3195 2512 septimoque

936 2540 1304 2627 respondet
1330 2536 1442 2624 (3).
1487 2539 1655 2603 Sunt
1700 2537 1910 2603 etiam
1956 2536 2170 2603 series
2216 2537 2534 2621 quaedam
2584 2538 2899 2619 duorum,
2957 2537 3191 2619 trium,

935 2636 1292 2737 quattuor,
1354 2651 1684 2735 quinque,
1747 2650 1856 2715 vel
1915 2650 2122 2716 etiam
2180 2668 2303 2716 sex
2369 2669 2694 2716 versuum
2763 2650 2834 2715 in
2893 2650 3192 2716 eundem

934 2786 1179 2833 sonum
1228 2760 1720 2850 desinentium3
1782 2764 1891 2830 bae
1939 2783 2102 2831 vero
2147 2764 2220 2829 in
2264 2764 2496 2830 multis
2547 2763 2925 2830 carminum
2976 2783 3192 2848 gene-

932 2882 1124 2947 ribus
1167 2883 1608 2965 usurpantur,
1653 2879 1725 2945 in
1773 2879 1858 2944 iis
1900 2879 2245 2964 praecipue
2285 2897 2440 2962 quae
2479 2877 2728 2961 gallice
2783 2899 2815 2940 «
2855 2877 3005 2961 lays
3045 2900 3078 2940 »
3121 2879 3189 2943 et

934 3017 968 3059 «
1008 2994 1308 3079 virelays
1346 3016 1379 3056 »
1419 3012 1668 3059 nomen
1702 2992 2071 3080 accipiunt.
2108 2992 2524 3075 Plerumque
2556 2992 2690 3057 duo
2716 2993 2981 3057 tantum
3007 2991 3190 3057 simi-

928 3108 1099 3174 lium
1141 3125 1388 3173 vocum
1436 3106 1659 3171 exitus
1707 3105 2245 3175 intersecantur:
2308 3105 2429 3170 sed
2475 3123 2558 3170 ea
2602 3108 2826 3189 poetae
2865 3123 2908 3170 a
2963 3105 3186 3170 Fabro

929 3221 1209 3288 licentia
1254 3221 1478 3300 datur,
1532 3221 1604 3284 ut
1653 3221 1753 3283 tot
1800 3215 2157 3305 rhythmos
2210 3217 2390 3283 inter
2446 3235 2520 3283 se
2575 3219 2963 3302 componat,
3024 3218 3190 3300 quot

929 3335 1060 3421 ipsi
1096 3335 1285 3416 libet,
1324 3335 1595 3417 gratam
1630 3332 1836 3397 modo
1871 3349 1952 3396 ac
1974 3332 2355 3416 jucundam
2385 3347 2711 3396 sonorum
2746 3330 3187 3396 concordiam

928 3453 1179 3520 servet.
1224 3450 1568 3516 Permisso
1609 3449 1776 3515 olim
1823 3451 2052 3514 utetur
2095 3447 2520 3527 Ronsardus,
2567 3446 2681 3530 qui
2724 3444 2987 3534 poesim
3029 3462 3189 3510 nos-

926 3571 1105 3634 tram
1144 3564 1523 3632 innumeris
1554 3582 1879 3630 versuum
1923 3563 2101 3629 inter
2149 3581 2223 3628 se
2272 3560 2759 3628 sociandorum
2804 3559 3187 3625 rationibus

927 3680 1193 3748 ditabit.

1015 3798 1156 3864 Hos
1187 3796 1336 3879 Jam
1379 3790 1860 3880 rhythmorum
1906 3790 2123 3871 lusus,
2176 3788 2425 3873 quibus
2482 3786 2787 3870 aequales
2835 3790 3059 3871 poetae
3101 3785 3186 3851 li-

925 3911 1197 3978 bentius
1237 3907 1622 3990 indulgent,
1665 3905 1886 3970 Faber
1934 3921 2342 3970 enumerare
2388 3901 2618 3989 coepit.
2668 3900 2983 3965 Affirmat
3023 3903 3183 3965 ante

926 4022 1160 4091 omnia
1189 4019 1654 4087 nobilissimos
1689 4010 2820 4104 praestantissimosque'rhythmos
2853 4031 2940 4077 ex
2973 4012 3185 4077 ambi·

924 4138 1083 4224 guis
1130 4133 1483 4203 vocabulis
1532 4132 1681 4199 fieri
1713 4131 1822 4218 (4).
1885 4134 2069 4197 Inter
2115 4148 2287 4213 quos
2335 4127 2722 4194 catenatum
2781 4124 3182 4214 rhythmum

976 4435 1037 4489 (1)
1062 4435 1209 4489 Γαΐα,
1226 4415 1623 4488 premier-drawa
1650 4432 1834 4487 loqt'ore,
1855 4429 1998 4482 tuille,
2019 4428 2296 4483 larqoment,
2321 4424 2475 4476 baille,
2495 4421 2831 4467 mundantem.

974 4514 1036 4565 (Ω)
1059 4515 1293 4565 flamma,
1311 4517 1455 4566 mom,
1474 4524 1687 4566 commen,
1710 4511 1956 4561 tellement,
1977 4507 2316 4556 mundantem,
2337 4502 2522 4556 affaire,
2543 4502 2770 4556 accident,
2791 4502 3064 4546 necmaire.

974 4594 1036 4645 (3)
1055 4593 1308 4645 Humaine,
1325 4593 1476 4646 peine,
1495 4596 1714 4644 ravenue,
1742 4589 1892 4641 suino,
1913 4586 2195 4637 in-certainc,
2226 4583 2407 4634 abarae,
2428 4581 2677 4634 desum-tue,
2702 4585 2790 4634 tue,
2818 4582 2994 4634 maine,
3011 4594 3176 4636 venue,

924 4665 1070 4701 tenue.

977 4738 1036 4792 (4)
1053 4755 1078 4778 «
1098 4738 1166 4780 La
1179 4736 1293 4792 plus
1314 4735 1460 4781 noble
1479 4739 1528 4779 et
1548 4735 1825 4779 excellente
1846 4732 2022 4776 rithme
2043 4741 2098 4773 se
2120 4728 2238 4772 raict
2258 4726 2318 4770 de
2337 4728 2519 4769 termes
2545 4725 2864 4781 equivoqueS.
2886 4742 2911 4764 ι»
