3561 5729
1298 662 1616 724 -67-

419 806 623 873 Selon
657 826 790 891 que
820 807 905 873 de
934 806 1121 874 leurs
1150 827 1412 876 moeurs
1441 809 1510 875 la
1548 813 1904 876 coustume
1932 809 2204 877 diverse

418 919 477 983 A
506 917 679 984 faire
713 919 813 986 les
844 920 1154 1005 poussoit
1182 921 1304 987 des
1333 940 1492 987 vers
1528 922 1570 987 a
1599 921 1668 987 la
1700 924 2034 988 traverse.

419 1032 606 1099 Dela
640 1032 828 1098 vient
860 1033 1066 1116 qu'on
1101 1034 1338 1119 voyoit
1370 1033 1472 1101 les
1508 1053 1712 1119 sages
1744 1050 2100 1121 genereux

419 1147 549 1212 Les
582 1149 814 1231 gestes
850 1146 1078 1213 imiter
1113 1148 1235 1214 des
1265 1148 1578 1216 hommes
1608 1150 2012 1233 valeureux,

421 1259 551 1325 Les
586 1259 888 1344 prudens
923 1260 1334 1327 contrefaire
1366 1280 1497 1327 une
1526 1262 1757 1328 vieille
1795 1263 2142 1348 prudence

419 1371 502 1437 Et
531 1375 774 1438 mettre
806 1373 969 1438 d'un
1007 1375 1257 1442 Nestor
1290 1373 1555 1460 l'esprit
1595 1395 1683 1441 611
1716 1375 2078 1444 evidence.
2110 1429 2124 1443 .
2155 1429 2169 1445 .

420 1485 550 1550 Les
587 1489 821 1552 autres
854 1486 1008 1575 plus
1040 1485 1271 1571 legers
1305 1486 1408 1554 les
1448 1488 1714 1555 actions
1749 1490 2023 1569 legeres

421 1597 771 1665 Imitoient
798 1599 921 1666 des
949 1601 1290 1684 mauvais,
1329 1605 1397 1668 et
1429 1621 1696 1669 comme
1726 1604 2151 1689 harengeres

420 1713 843 1781 Touchoient
867 1715 1233 1783 l'honneur
1262 1717 1347 1783 de
1376 1721 1531 1785 tous
1566 1725 1769 1785 usant
1797 1719 1882 1785 de
1913 1725 2090 1786 mots
2125 1720 2486 1805 picquants

423 1829 532 1896 Au
561 1831 912 1897 contraire
944 1832 1029 1897 de
1068 1851 1243 1898 ceux
1272 1832 1387 1917 qui
1418 1833 1520 1899 les
1551 1833 1758 1900 dieux
1796 1834 2209 1919 invoquants

424 1943 777 2010 Faisoient
809 1945 850 2010 a
884 1944 1037 2011 leur
1069 1947 1386 2013 honneur
1414 1948 1536 2013 des
1565 1947 1858 2032 hymnes
1893 1951 2300 2018 venerables
2334 1948 2441 2038 (1).

333 2107 552 2174 Ρ31110
583 2108 872 2176 inferius
900 2110 989 2176 ad
1024 2112 1268 2179 eadem
1292 2130 1448 2179 sese
1482 2112 1693 2179 refert
1728 2128 1743 2180 :
1859 2108 1862 2113 '

424 2257 606 2324 C'est
636 2277 731 2324 un
754 2261 862 2354 art
890 2259 1212 2343 d'imiter,
1251 2278 1344 2327 un
1377 2263 1487 2326 art
1516 2260 1601 2326 de
1637 2259 2076 2343 contrefaire‚

421 2373 505 2438 Et
538 2372 926 2439 l’imitation
957 2376 1061 2440 est
1087 2373 1427 2440 naturelle
1459 2392 1545 2440 en
1570 2391 1746 2440 nous
1773 2392 1789 2457 ;

335 2532 716 2617 Ceteraque
736 2534 911 2617 jam,
958 2535 1033 2600 ut
1076 2552 1275 2600 orsus
1317 2536 1490 2617 erat,
1537 2533 1933 2601 Aristotelis
1983 2533 2351 2621 interpres,
2397 2554 2596 2621 pera-

337 2646 443 2730 git
481 2662 497 2713 ε

429 2811 513 2878 Ε1
554 2829 732 2879 116118
763 2811 967 2898 plaist
1000 2830 1087 2878 611
1122 2810 1437 2898 peinture
1470 2830 1605 2880 une
1637 2812 1847 2880 chose
1879 2811 2192 2896 bidense,

432 2925 558 3000 Qui
594 2926 807 2992 seroit
835 2927 877 2991 a
911 2926 979 2992 13
1011 2925 1164 2992 voir
1188 2946 1275 2993 en
1308 2944 1592 2993 essence
1623 2927 2011 3010 fascheuse,
2036 2931 2166 2994 etc.
2203 2925 2311 3014 (2).

343 3087 449 3154 Ad
483 3087 978 3154 aristotelicam
1025 3087 1428 3155 imitationis
1473 3088 1811 3156 rationem
1857 3090 2066 3155 etiam
2103 3089 2344 3156 referri
2380 3091 2605 3175 potest

343 3200 495 3267 haec
518 3201 668 3283 Jam
700 3203 1083 3266 memorata
1106 3200 1483 3267 similitudo
1515 3200 1622 3287 (3),
1660 3220 1798 3285 qua
1831 3210 2103 3287 poetam
2139 3201 2399 3267 flumini
2447 3201 2602 3268 Val-

343 3313 619 3381 kelinus
655 3317 1033 3400 comparat,
1087 3317 1283 3399 cujus
1317 3315 1516 3399 aquis
1563 3315 1785 3395 silvae,
1826 3318 2070 3398 nubes,
2113 3317 2409 3383 aedificia
2440 3335 2601 3402 pro-

343 3427 532 3492 xima
593 3429 1053 3494 remittuntur.
1106 3429 1260 3494 Non
1307 3446 1473 3494 vero
1507 3447 1681 3513 opus
1723 3430 1829 3495 est
1862 3447 2101 3495 omnes
2139 3429 2328 3496 locos
2375 3448 2600 3518 perse-

345 3539 487 3623 qui,
523 3543 594 3604 in
628 3540 875 3623 quibus
922 3539 1010 3605 ad
1063 3558 1407 3606 summum
1457 3540 1640 3606 idem
1670 3541 2085 3630 principium
2130 3541 2368 3607 Gallus
2397 3548 2600 3630 poeta

345 3656 738 3722 revertitur.
800 3656 1108 3722 Dubitari
1144 3660 1327 3723 certe
1359 3659 1582 3742 potest
1619 3676 1785 3723 num
1835 3657 2024 3722 illam
2070 3658 2360 3742 poeticae
2402 3659 2599 3742 quasi

347 3770 854 3858 philosophiam
904 3773 1072 3839 satis
1121 3772 1606 3839 concoxisset:
1655 3791 1699 3838 a
1751 3773 2165 3858 philosopho
2201 3772 2446 3838 saltem
2485 3792 2601 3839 su-

347 3902 502 3949 cum
540 3886 608 3980 et
631 3885 1043 3969 sanguinem
1077 3885 1330 3967 haurit,
1362 3904 1497 3970 quo
1528 3904 1729 3952 suum
1773 3886 1992 3971 ipsius
2037 3904 2209 3971 opus
2242 3886 2406 3968 alat,
2453 3905 2600 3952 am-

347 3995 626 4081 plificet,
655 3998 916 4081 majore
952 3997 1294 4081 gravitate
1332 4016 1414 4064 ac
1448 3997 1786 4081 dignitate
1817 3998 2141 4064 cumulet.

434 4109 620 4175 Nihil
653 4110 880 4193 magis
919 4128 1127 4194 quam
1170 4110 1321 4176 haec
1360 4112 1542 4195 apud
1587 4110 2032 4176 Valkelinum
2076 4109 2302 4191 Vidae,
2344 4109 2597 4194 Flacci,

343 4226 734 4293 Aristotelis
777 4226 1058 4293 assidua
1103 4226 1417 4305 imitati0‚
1457 4227 1805 4312 significat
1849 4229 2179 4310 quantum
2234 4226 2602 4311 profecerit

343 4339 573 4426 poesis
606 4345 841 4407 nostra
879 4341 967 4406 ab
999 4341 1246 4406 horum
1275 4344 1509 4406 vatum
1550 4340 2004 4425 temporibUS‚
2050 4358 2223 4424 quos
2274 4341 2496 4407 Faber
2529 4343 2600 4407 et

396 4547 460 4604 (1)
486 4548 637 4592 Arist.
656 4549 871 4606 An,1v,
898 4549 919 4594 1
953 4550 1001 4594 2.
1026 4571 1080 4581 -
1098 4549 1245 4594 Valk.
1270 4550 1383 4603 Are,
1406 4548 1447 4593 1.

398 4628 463 4682 (2)
487 4629 637 4683 Ibid„
659 4628 743 4682 lv,
764 4628 808 4672 1.
832 4652 886 4661 —
904 4629 1030 4673 Ibid.

401 4704 466 4762 (3)
489 4707 609 4751 Pars
628 4706 891 4763 posterior,
910 4718 1017 4763 cap.
1039 4707 1080 4750 1.
