3561 5729
1813 621 2175 682 —136—

862 763 1203 846 acumine,
1225 766 1467 849 jeJuna
1498 767 1841 834 sermonis
1874 767 2193 849 sanitate,
2232 784 2379 833 suae
2405 767 2552 852 ipse
2581 766 2802 833 aetatis
2828 766 3113 833 virtutes

864 877 1138 962 effingit
1196 879 1470 967 septimi
1532 879 1780 945 decimi
1844 878 2084 946 saeculi
2154 882 2372 961 vates,
2444 879 2543 945 ita
2601 877 3008 944 Valkelinus
3072 897 3115 944 a

863 992 1233 1058 Fraxineto
1263 1011 1426 1058 vere
1459 993 1545 1059 ad
1579 993 1745 1059 illud
1775 996 2045 1060 sextum
2070 993 2410 1060 decimum
2432 993 2765 1059 saeculum
2790 992 3110 1078 pertinet,

865 1108 1060 1191 cujus
1104 1110 1174 1173 et
1220 1107 1602 1188 lasciviam,
1654 1112 1723 1175 et
1761 1108 2158 1190 tumultum,
2198 1109 2266 1174 et
2304 1108 2611 1175 nondum
2646 1107 2950 1174 adultam
2983 1107 3111 1173 lin·-

862 1238 1100 1303 guam,
1145 1222 1213 1285 et
1253 1221 1559 1287 nondum
1607 1221 1952 1305 digestam
1996 1220 2454 1287 eruditionem
2484 1238 2628 1304 prae
2663 1239 2739 1286 se
2782 1219 2951 1302 fert;
2989 1219 3112 1285 sed

863 1332 932 1397 in
981 1332 1289 1398 omnium
1339 1351 1567 1399 rerum
1609 1334 1985 1400 certamine
2023 1336 2091 1399 ct
2128 1331 2601 1399 controversia
2643 1350 2783 1398 non
2830 1332 3114 1399 oblivis-

862 1446 1156 1512 cendum
1200 1446 1400 1512 nobis
1436 1449 1541 1513 est
1582 1465 1703 1514 eos
1723 1449 1874 1531 Jam
1916 1446 2178 1514 fructus
2215 1451 2414 1513 natos
2462 1465 2615 1513 esse
2652 1447 2723 1512 et
2778 1443 3111 1530 paulatim

860 1558 1247 1640 mitescere,
1289 1578 1461 1643 quos
1495 1559 1825 1625 felicioris
1859 1559 2083 1626 aetatis
2118 1562 2342 1644 poetae
2373 1556 2539 1624 olim
2568 1558 2960 1643 decerpent.
3005 1555 3108 1622 Ad

860 1673 1037 1739 sexti
1091 1673 1339 1739 decimi
1414 1673 1653 1740 saeculi
1718 1672 2026 1757 origines
2108 1672 2413 1759 perfecta
2471 1672 2748 1738 tandem
2813 1669 3108 1757 proximi

861 1785 1099 1853 saeculi
1143 1786 1373 1874 poesis
1419 1787 1732 1852 revocari
1772 1787 1999 1853 debet.
2042 1788 2227 1852 Inter
2270 1788 2465 1852 vates
2497 1784 2838 1850 Ronsardi
2876 1802 3112 1868 aequa-

855 1898 983 1978 leS,
1018 1917 1222 1965 nemo
1270 1899 1497 1983 magis
1540 1918 1745 1984 quam
1791 1899 2225 1981 Valkelinus,
2268 1899 2449 1965 inter
2495 1897 2844 1965 Valkelini
2897 1915 3108 1982 opera

851 2011 1118 2077 nullum
1154 2013 1378 2097 magis
1408 2031 1613 2096 quam
1644 2016 1774 2078 Ars
1809 2012 2081 2099 poetica
2109 2013 2242 2079 hoc
2267 2031 2511 2080 verum
2538 2032 2689 2080 esse
2715 2013 3099 2079 confirmat.

942 2122 1234 2202 Etenim,
1285 2121 1358 2187 in
1403 2122 1537 2188 hoc
1581 2126 1856 2189 centum
1905 2141 2120 2212 prope
2169 2141 2508 2190 annorum
2544 2122 2792 2209 spati0,
2834 2124 3015 2208 quod
3066 2142 3109 2188 a

851 2235 1053 2301 Fabri
1088 2236 1251 2302 Arte
1276 2254 1494 2319 usque
1522 2236 1609 2301 ad
1642 2236 2087 2303 Valkelinum
2122 2236 2384 2303 emensi
2406 2255 2668 2319 sumuS,
2698 2236 2874 2303 miro
2900 2236 3105 2301 modo

851 2348 1227 2434 profecisse
1262 2353 1567 2415 nostram
1602 2349 1868 2434 poesim
1893 2368 2098 2417 nemo
2126 2349 2407 2415 infitiari
2442 2352 2690 2434 potest,
2729 2368 2912 2434 quae,
2951 2368 3103 2416 cum

852 2459 922 2525 in
982 2460 1225 2544 primis
1281 2462 1523 2528 saeculi
1573 2463 1800 2544 annis,
1865 2462 2049 2528 omni
2105 2463 2375 2551 poetico
2441 2482 2647 2530 sensu
2708 2464 3105 2550 impetuque

849 2575 1105 2657 aliena,
1155 2575 1328 2642 nihil
1379 2575 1567 2643 aliud
1616 2580 1823 2658 esset,
1878 2576 2013 2643 nisi
2054 2579 2425 2644 verborum
2483 2575 3101 2666 rhythmorumque

848 2687 1376 2755 vermiculatum
1424 2690 1620 2773 quasi
1682 2674 2177 2774 pavimentum,
2235 2709 2376 2757 non
2428 2690 2632 2757 modo
2679 2692 2899 2757 totum
2953 2691 3103 2774 jam

848 2799 1382 2868 instrumentum
1426 2804 1494 2869 et
1536 2803 1730 2887 quasi
1786 2802 2311 2889 supellectilem,
2372 2804 2772 2872 Graecorum
2828 2802 3105 2870 Latino·-

850 2931 1140 2998 rumque
1187 2918 1422 2982 vatum
1460 2915 1764 2998 alumna,
1809 2916 2182 3002 reparavit,
2214 2917 2338 2985 sed
2368 2916 2577 2983 etiam
2610 2934 2791 2983 novo
2826 2916 3103 2983 demum

849 3025 1190 3109 sanguine
1227 3029 1295 3092 et
1327 3045 1492 3093 suco
1539 3027 1814 3113 penitus
1851 3027 2116 3095 imbuta
2153 3030 2284 3110 est,
2316 3046 2400 3095 ac
2432 3028 2755 3095 maximis
2787 3028 3104 3095 auctibus

849 3138 919 3204 in
955 3157 1285 3224 magnum
1319 3141 1671 3225 altumque
1706 3142 2021 3209 increvit.
2062 3143 2344 3210 Poetica
2372 3143 2568 3227 quasi
2605 3142 2888 3209 flumina
2922 3142 3103 3209 ultra

849 3255 1129 3322 modum
1186 3257 1405 3323 effusa
1453 3257 1874 3324 cohibebunt
1923 3257 2200 3342 quidem
2250 3258 2608 3324 Malherba
2649 3257 3095 3341 Bolaeusque;

849 3369 971 3434 sed
1007 3388 1145 3435 non
1179 3370 1582 3437 deflectetur
1623 3371 1873 3451 amnis,
1920 3373 2011 3452 et,
2058 3371 2238 3438 intra
2276 3371 2462 3457 ripas
2507 3372 2895 3449 revocatus,
2933 3388 3101 3435 eun-

852 3479 1010 3545 dem
1045 3501 1319 3567 semper
1350 3483 1624 3549 alveum
1659 3483 2004 3562 retinebit.

2079 3689 2189 3742 Vim
2225 3705 2285 3742 ac
2322 3689 2533 3742 Ρειιιιαι
2562 3708 2573 3740 :

1892 3788 2099 3837 Lutetioe
2126 3787 2442 3847 Parisiorum,
2476 3789 2527 3838 in
2552 3787 2765 3837 sorbonn

1643 3879 1705 3931 Α.
1738 3878 1792 3931 d.
1825 3877 1882 3932 V.
1916 3877 2173 3931 Kalendas
2197 3889 2346 3931 mart.
2379 3893 2503 3930 ann.
2536 3876 3005 3963 nncechxxll.

847 4026 1114 4076 Fac-uuam
1144 4026 1438 4076 Litterarum
1468 4027 1519 4075 in
1546 4025 1806 4075 Academia
1832 4024 2099 4076 Parisaemi
2131 4026 2365 4084 Decanus,

1448 4132 1508 4184 A.
1554 4129 1778 4184 fflMLY.

2162 4236 2307 4290 Tuus
2333 4236 2599 4290 ΜΛΝυει-υκ
2626 4258 2636 4290 :

1965 4335 2237 4386 Academiae
2265 4335 2558 4386 Parisiensis
2589 4337 2778 4397 Rector,

2256 4417 2545 4480 GREARD.
