3561 5729
1369 586 1693 648 ...73—

392 731 683 800 concedi
736 734 992 818 potest3
1056 730 1174 797 ille
1217 729 1427 811 enim,
1469 748 1862 814 quanquam
1909 748 2082 815 opus
2128 729 2200 798 in
2241 734 2383 799 tres
2429 732 2647 800 libros

391 847 769 929 distribuit,
813 846 1080 912 nullum
1108 848 1341 911 tamen
1371 863 1613 911 curare
1641 844 1955 911 ordinem
1984 845 2258 912 videtur
2277 845 2296 932 (
2306 846 2383 933 1).
2404 848 2651 933 Lyrica

393 961 694 1048 primum
742 960 1075 1039 carmina,
1132 959 1380 1025 deinde
1433 959 1707 1044 epicum
1757 976 2028 1044 poema,
2078 961 2239 1026 tum·
2273 961 2653 1027 dramatica

392 1093 659 1159 genera
704 1077 774 1140 et
823 1073 1240 1139 didacticum
1294 1091 1467 1158 opus
1519 1071 2073 1158 explorabimu33
2133 1074 2218 1138 de
2267 1073 2650 1142 minoribus

392 1208 561 1257 vero
598 1189 960 1276 poematiS,
998 1207 1156 1255 cum
1190 1188 1517 1274 pleraque
1547 1185 1766 1253 infimi
1802 1186 1940 1253 sint
1961 1188 2316 1271 momenti,
2332 1186 2652 1274 quaedam

393 1303 697 1388 denique
735 1303 1180 1387 attingemus.

483 1492 536 1556 Ι.
590 1491 690 1555 ΒΕ
735 1505 1042 1555 LYRICIS.
1096 1526 1183 1535 —-
1235 1491 1298 1554 1⁰
1343 1488 1450 1555 De
1508 1485 1659 1556 oda.
1722 1526 1811 1536 —
1862 1489 2164 1555 Odarum
2232 1507 2457 1573 genus
2512 1490 2656 1574 pri-

393 1624 585 1673 mum
640 1608 769 1687 est,
808 1605 990 1689 quod
1044 1603 1459 1671 recentiores
1505 1603 1681 1671 sexti
1732 1604 1979 1671 decimi
2038 1603 2276 1670 saeculi
2329 1606 2552 1689 poetae
2611 1623 2655 1671 a

391 1716 748 1783 veteribus
790 1715 1322 1801 assumpserint3
1369 1716 1518 1800 jam
1560 1714 1745 1781 enim
1794 1701 2367 1799 quinquagesimo
2411 1714 2651 1780 saeculi

392 1848 577 1896 anno
631 1828 847 1914 lyrica
894 1831 1203 1894 carmina
1248 1830 1334 1895 ad
1383 1829 1810 1912 antiquitatis
1861 1828 2314 1894 imitationem
2355 1828 2653 1894 adducta

396 1942 798 2008 Ronsardus
833 1941 993 2007 edit.
1036 1943 1137 2006 Ex
1171 1940 1407 2026 lyricis
1456 1941 1718 2027 poesim
1752 1941 1937 2030 apud
1973 1959 2211 2007 omnes
2243 1944 2487 2025 gentes
2521 1941 2655 2006 ini-

390 2054 568 2122 tium
622 2072 896 2140 semper
944 2054 1223 2120 duxisse
1272 2052 1570 2139 constat3
1627 2073 1834 2121 voces
1891 2054 2077 2120 enim
2125 2054 2459 2138 quasdam
2505 2040 2652 2120 sire

392 2166 968 2233 circumfusarum
1010 2185 1244 2232 rerum
1280 2166 1572 2252 specieS,
1615 2167 1761 2233 sive
1804 2166 2076 2233 vividus
2104 2165 2343 2251 gaudii
2378 2169 2497 2231 aut
2531 2166 2654 2232 do-

391 2280 564 2347 loris
621 2280 918 2366 impetus
956 2282 1044 2347 ab
1099 2280 1460 2347 hominum
1517 2281 1628 2347 vel
1679 2281 2209 2348 rudissimorum
2263 2280 2654 2365 pectoribus

395 2394 649 2460 elicere
684 2395 890 2477 solet;
946 2414 1050 2461 eze
1085 2398 1316 2461 autem
1360 2395 1449 2461 ad
1483 2395 1779 2480 lyricum
1815 2414 2037 2480 genus
2072 2395 2437 2481 pertinent.
2487 2396 2655 2461 Odae

394 2525 590 2587 vem,
629 2507 900 2591 qualem
935 2509 1021 2573 ad
1056 2511 1372 2575 veterum
1406 2508 1763 2594 exemplar
1790 2508 1987 2574 finxit
2022 2508 2445 2589 Ronsardus,
2480 2508 2653 2574 nihil

395 2639 761 2687 commune
805 2640 957 2687 cum
998 2622 1108 2688 his
1137 2622 1522 2711 priscarum
1556 2623 1870 2707 gentium
1904 2622 2255 2688 cantibus:
2304 2622 2516 2687 immo
2551 2623 2659 2687 in-

394 2737 680 2804 dustriae
716 2738 885 2804 artis
918 2738 1051 2804 hoc
1093 2757 1266 2823 opus
1309 2742 1437 2821 est,
1488 2739 1704 2804 multa
1738 2738 2100 2823 diligentia
2136 2738 2484 2822 multaque
2528 2739 2657 2804 sol-

393 2852 597 2919 lertia
624 2853 1078 2920 elaboratum.

480 2968 632 3031 Jam
667 2966 946 3050 quidem
979 2985 1021 3032 a
1056 2966 1297 3051 primis
1333 2966 1581 3032 mediae
1625 2966 1850 3032 aetatis
1883 2966 2311 3051 temporibus
2346 2967 2655 3035 maxima

390 3079 597 3146 laude
632 3079 1003 3146 floruerant
1032 3081 1330 3170 plurima
1362 3080 1737 3164 lyricorum
1756 3081 2139 3146 carminum
2168 3097 2465 3164 genera:
2499 3081 2653 3147 haec

389 3211 590 3274 ver0,
639 3193 710 3258 in
758 3193 1002 3260 Galliae
1058 3195 1207 3260 solo
1257 3199 1423 3260 nata
1479 3206 1547 3260 et
1598 3199 1796 3260 extra
1839 3199 2150 3260 veterum
2196 3195 2651 3261 imitationem

392 3305 602 3386 culta,
638 3324 724 3371 ex
768 3307 954 3371 omni
1000 3307 1337 3372 memoria
1371 3307 1630 3372 dudum
1670 3310 2116 3372 evanuerant.
2157 3306 2379 3372 Flacci
2415 3312 2648 3374 autem

393 3437 633 3504 opera,
679 3418 996 3504 plurimis
1031 3426 1190 3485 ante
1227 3420 1663 3486 Ronsardum
1699 3421 1927 3501 annis,
1962 3424 2155 3486 vates
2187 3421 2406 3487 nostri
2441 3440 2655 3488 nove-

388 3537 584 3618 rant3
623 3551 867 3598 verum
903 3533 973 3598 in
1007 3535 1157 3619 ejus
1187 3535 1364 3612 oslis,
1399 3533 1718 3617 quamvis
1745 3537 2003 3619 saepius
2036 3538 2381 3618 assurgat,
2407 3554 2491 3602 ea
2521 3537 2652 3619 νίς,

390 3648 452 3714 is
520 3648 816 3734 impetus
873 3669 1011 3716 non
1079 3669 1232 3717 esse
1294 3651 1493 3733 solet,
1558 3669 1694 3734 quo
1762 3654 1986 3736 poetae
2048 3652 2324 3741 impulsi
2378 3655 2658 3720 excelsa

391 3763 622 3851 poesis
645 3763 1181 3849 templatentare
1204 3766 1620 3851 potuissent:
1654 3766 1886 3850 itaque
1917 3768 2401 3834 venustissimo
2428 3770 2655 3853 potius

391 3878 656 3943 Horatii
687 3878 923 3966 lepore
953 3882 1021 3944 et
1055 3879 1391 3945 concinna
1412 3879 1763 3965 elegantia
1788 3881 2107 3948 delectati
2129 3883 2426 3961 fuerunt,
2449 3902 2655 3967 quam

389 3988 794 4055 assimulato
832 3989 900 4054 in
932 3991 1083 4056 odis
1104 3991 1519 4074 quibusdam
1554 3991 1979 4059 sublimioris
2011 3993 2297 4077 spiritus
2326 3993 2654 4062 instinctu
2760 4025 2765 4033 ·

390 4101 711 4167 concitati
757 4104 825 4167 et
871 4102 1107 4167 afflati.
1159 4102 1528 4169 Pindarica
1574 4121 1788 4189 opera
1842 4106 2208 4187 Marotum,
2247 4104 2361 4188 qui
2414 4106 2653 4179 paucis

387 4216 588 4281 annis
617 4220 775 4281 ante
812 4216 1163 4282 Pleiadem
1195 4218 1506 4300 florebat,
1545 4219 1850 4284 nondum
1885 4236 2090 4284 nosse
2125 4221 2415 4285 constat.
2460 4222 2525 4286 Is
2550 4223 2657 4287 est

388 4330 807 4395 novissimus
871 4331 1124 4396 veteris
1181 4335 1439 4397 nostrae
1492 4331 1722 4420 poesis
1782 4332 2149 4418 magister3
2217 4334 2364 4414 ejus
2424 4337 2653 4400 autem

391 4443 610 4509 faceta
653 4447 1106 4529 venustaque,
1144 4447 1265 4512 sed
1319 4446 1546 4516 tenuis
1595 4451 1663 4514 et
1701 4452 2001 4540 angusta
2039 4466 2217 4513 vena
2257 4447 2655 4542 grandioris

446 4630 509 4686 (1)
536 4628 595 4673 V·
619 4629 843 4693 quintum
863 4632 1030 4693 caput.
