<?xml version="1.0" encoding="UTF-8"?>
<!DOCTYPE html PUBLIC "-//W3C//DTD XHTML 1.0 Transitional//EN"
    "http://www.w3.org/TR/xhtml1/DTD/xhtml1-transitional.dtd">
<html xmlns="http://www.w3.org/1999/xhtml" xml:lang="en" lang="en">
 <head>
  <title>
</title>
<meta http-equiv="Content-Type" content="text/html;charset=utf-8" />
  <meta name='ocr-system' content='tesseract 3.04.00' />
  <meta name='ocr-capabilities' content='ocr_page ocr_carea ocr_par ocr_line ocrx_word'/>
</head>
<body>
  <div class='ocr_page' id='page_1' title='image "./desextidecimisa00pellgoog_0137.png"; bbox 0 0 3561 5729; ppageno 0'>
   <div class='ocr_carea' id='block_1_1' title="bbox 1329 622 1692 684">
    <p class='ocr_par' dir='ltr' id='par_1_1' title="bbox 1329 622 1692 684">
     <span class='ocr_line' id='line_1_1' title="bbox 1329 622 1692 684; baseline 0 -15"><span class='ocrx_word' id='word_1_1' title='bbox 1329 622 1692 684; x_wconf 79' lang='grc'><strong>..133-</strong></span> 
     </span>
    </p>
   </div>
   <div class='ocr_carea' id='block_1_2' title="bbox 386 768 2648 4142">
    <p class='ocr_par' dir='ltr' id='par_1_2' title="bbox 386 768 2648 3124">
     <span class='ocr_line' id='line_1_2' title="bbox 387 768 2648 855; baseline -0.002 -18"><span class='ocrx_word' id='word_1_2' title='bbox 387 789 594 855; x_wconf 89' lang='lat' dir='ltr'><strong>quam</strong></span> <span class='ocrx_word' id='word_1_3' title='bbox 662 769 883 838; x_wconf 84' lang='lat' dir='ltr'><strong>nostri</strong></span> <span class='ocrx_word' id='word_1_4' title='bbox 943 769 1183 837; x_wconf 87' lang='lat' dir='ltr'><strong>saeculi</strong></span> <span class='ocrx_word' id='word_1_5' title='bbox 1228 771 1454 855; x_wconf 79' lang='lat' dir='ltr'><strong>poetae</strong></span> <span class='ocrx_word' id='word_1_6' title='bbox 1510 768 1839 855; x_wconf 83' lang='lat' dir='ltr'><strong>perfectae</strong></span> <span class='ocrx_word' id='word_1_7' title='bbox 1886 786 2101 854; x_wconf 91' lang='lat' dir='ltr'><strong>prope</strong></span> <span class='ocrx_word' id='word_1_8' title='bbox 2153 769 2287 834; x_wconf 85' lang='lat' dir='ltr'><strong>arti</strong></span> <span class='ocrx_word' id='word_1_9' title='bbox 2344 769 2648 853; x_wconf 86' lang='lat' dir='ltr'><strong>subjece-</strong></span> 
     </span>
     <span class='ocr_line' id='line_1_3' title="bbox 389 880 2639 967; baseline -0.001 -16"><span class='ocrx_word' id='word_1_10' title='bbox 389 887 572 967; x_wconf 87' lang='lat' dir='ltr'><strong>runt,</strong></span> <span class='ocrx_word' id='word_1_11' title='bbox 611 883 962 950; x_wconf 89' lang='lat' dir='ltr'><strong>Valkelini</strong></span> <span class='ocrx_word' id='word_1_12' title='bbox 1015 901 1258 950; x_wconf 83' lang='lat' dir='ltr'><strong>versus</strong></span> <span class='ocrx_word' id='word_1_13' title='bbox 1290 882 1464 948; x_wconf 92' lang='lat' dir='ltr'>nihil</span> <span class='ocrx_word' id='word_1_14' title='bbox 1506 882 1641 948; x_wconf 90' lang='lat' dir='ltr'><strong>nisi</strong></span> <span class='ocrx_word' id='word_1_15' title='bbox 1700 880 1930 949; x_wconf 90' lang='lat' dir='ltr'><strong>claudi</strong></span> <span class='ocrx_word' id='word_1_16' title='bbox 1973 884 2042 947; x_wconf 89' lang='lat' dir='ltr'><strong>et</strong></span> <span class='ocrx_word' id='word_1_17' title='bbox 2086 880 2299 948; x_wconf 87' lang='lat' dir='ltr'>hiulci</span> <span class='ocrx_word' id='word_1_18' title='bbox 2348 882 2639 966; x_wconf 85' lang='lat' dir='ltr'><strong>ducunt;</strong></span> 
     </span>
     <span class='ocr_line' id='line_1_4' title="bbox 390 993 2647 1084; baseline -0 -22"><span class='ocrx_word' id='word_1_19' title='bbox 390 1016 544 1063; x_wconf 91' lang='lat' dir='ltr'><strong>eam</strong></span> <span class='ocrx_word' id='word_1_20' title='bbox 578 996 771 1064; x_wconf 92' lang='lat' dir='ltr'><strong>nullo</strong></span> <span class='ocrx_word' id='word_1_21' title='bbox 812 996 1209 1063; x_wconf 82' lang='lat' dir='ltr'>discrimine</span> <span class='ocrx_word' id='word_1_22' title='bbox 1248 997 1559 1084; x_wconf 85' lang='lat' dir='ltr'><strong>usurpat,</strong></span> <span class='ocrx_word' id='word_1_23' title='bbox 1596 994 1792 1079; x_wconf 87' lang='lat' dir='ltr'>quasi</span> <span class='ocrx_word' id='word_1_24' title='bbox 1832 993 2013 1060; x_wconf 90' lang='lat' dir='ltr'><strong>hanc</strong></span> <span class='ocrx_word' id='word_1_25' title='bbox 2050 997 2317 1061; x_wconf 83' lang='lat' dir='ltr'><strong>tantum</strong></span> <span class='ocrx_word' id='word_1_26' title='bbox 2346 994 2489 1060; x_wconf 88' lang='lat' dir='ltr'><strong>vim</strong></span> <span class='ocrx_word' id='word_1_27' title='bbox 2522 995 2647 1061; x_wconf 90' lang='lat' dir='ltr'><strong>ha-</strong></span> 
     </span>
     <span class='ocr_line' id='line_1_5' title="bbox 389 1107 2641 1196; baseline 0 -19"><span class='ocrx_word' id='word_1_28' title='bbox 389 1113 552 1178; x_wconf 90' lang='lat' dir='ltr'><strong>bere</strong></span> <span class='ocrx_word' id='word_1_29' title='bbox 587 1111 894 1192; x_wconf 80' lang='lat' dir='ltr'><strong>deberet,</strong></span> <span class='ocrx_word' id='word_1_30' title='bbox 927 1113 1002 1177; x_wconf 86' lang='lat' dir='ltr'><strong>ut</strong></span> <span class='ocrx_word' id='word_1_31' title='bbox 1030 1113 1305 1196; x_wconf 90' lang='lat' dir='ltr'><strong>poetam</strong></span> <span class='ocrx_word' id='word_1_32' title='bbox 1335 1109 1511 1176; x_wconf 91' lang='lat' dir='ltr'><strong>alios</strong></span> <span class='ocrx_word' id='word_1_33' title='bbox 1544 1129 1632 1176; x_wconf 81' lang='lat' dir='ltr'><strong>ex</strong></span> <span class='ocrx_word' id='word_1_34' title='bbox 1663 1108 1822 1175; x_wconf 90' lang='lat' dir='ltr'><strong>aliis</strong></span> <span class='ocrx_word' id='word_1_35' title='bbox 1846 1126 2089 1175; x_wconf 84' lang='lat' dir='ltr'><strong>versus</strong></span> <span class='ocrx_word' id='word_1_36' title='bbox 2118 1107 2430 1192; x_wconf 83' lang='lat' dir='ltr'><strong>fundere,</strong></span> <span class='ocrx_word' id='word_1_37' title='bbox 2456 1111 2641 1177; x_wconf 91' lang='lat' dir='ltr'><strong>omni</strong></span> 
     </span>
     <span class='ocr_line' id='line_1_6' title="bbox 386 1221 2638 1309; baseline 0 -20"><span class='ocrx_word' id='word_1_38' title='bbox 386 1223 546 1308; x_wconf 90' lang='lat' dir='ltr'><strong>lege</strong></span> <span class='ocrx_word' id='word_1_39' title='bbox 600 1223 934 1305; x_wconf 89' lang='lat' dir='ltr'><strong>solutum,</strong></span> <span class='ocrx_word' id='word_1_40' title='bbox 994 1225 1366 1309; x_wconf 79' lang='lat' dir='ltr'><strong>pateretur.</strong></span> <span class='ocrx_word' id='word_1_41' title='bbox 1421 1223 1736 1306; x_wconf 84' lang='lat' dir='ltr'><strong>Vagatur</strong></span> <span class='ocrx_word' id='word_1_42' title='bbox 1789 1221 2171 1289; x_wconf 83' lang='lat' dir='ltr'><strong>carminum</strong></span> <span class='ocrx_word' id='word_1_43' title='bbox 2219 1223 2489 1304; x_wconf 88' lang='lat' dir='ltr'><strong>modus,</strong></span> <span class='ocrx_word' id='word_1_44' title='bbox 2547 1226 2638 1305; x_wconf 92' lang='lat' dir='ltr'><strong>et,</strong></span> 
     </span>
     <span class='ocr_line' id='line_1_7' title="bbox 387 1336 2639 1422; baseline 0.001 -19"><span class='ocrx_word' id='word_1_45' title='bbox 387 1338 653 1405; x_wconf 91' lang='lat' dir='ltr'><strong>incerto</strong></span> <span class='ocrx_word' id='word_1_46' title='bbox 705 1355 977 1421; x_wconf 89' lang='lat' dir='ltr'><strong>gressu,</strong></span> <span class='ocrx_word' id='word_1_47' title='bbox 1015 1354 1200 1402; x_wconf 92' lang='lat' dir='ltr'><strong>nunc</strong></span> <span class='ocrx_word' id='word_1_48' title='bbox 1251 1339 1600 1420; x_wconf 88' lang='lat' dir='ltr'><strong>properat,</strong></span> <span class='ocrx_word' id='word_1_49' title='bbox 1642 1354 1829 1402; x_wconf 89' lang='lat' dir='ltr'><strong>nunc</strong></span> <span class='ocrx_word' id='word_1_50' title='bbox 1874 1336 2192 1422; x_wconf 81' lang='lat' dir='ltr'><strong>languet3</strong></span> <span class='ocrx_word' id='word_1_51' title='bbox 2232 1337 2437 1403; x_wconf 89' lang='lat' dir='ltr'><strong>modo</strong></span> <span class='ocrx_word' id='word_1_52' title='bbox 2491 1357 2639 1419; x_wconf 84' lang='lat' dir='ltr'><strong>sex,</strong></span> 
     </span>
     <span class='ocr_line' id='line_1_8' title="bbox 389 1448 2648 1534; baseline 0 -17"><span class='ocrx_word' id='word_1_53' title='bbox 389 1451 595 1517; x_wconf 90' lang='lat' dir='ltr'><strong>modo</strong></span> <span class='ocrx_word' id='word_1_54' title='bbox 635 1449 1115 1533; x_wconf 85' lang='lat' dir='ltr'><strong>duodeviginti</strong></span> <span class='ocrx_word' id='word_1_55' title='bbox 1157 1448 1445 1534; x_wconf 86' lang='lat' dir='ltr'><strong>syllabis</strong></span> <span class='ocrx_word' id='word_1_56' title='bbox 1484 1452 1803 1515; x_wconf 86' lang='lat' dir='ltr'><strong>constare</strong></span> <span class='ocrx_word' id='word_1_57' title='bbox 1849 1468 2126 1516; x_wconf 84' lang='lat' dir='ltr'><strong>versum</strong></span> <span class='ocrx_word' id='word_1_58' title='bbox 2162 1450 2378 1517; x_wconf 90' lang='lat' dir='ltr'><strong>dicas.</strong></span> <span class='ocrx_word' id='word_1_59' title='bbox 2417 1452 2648 1526; x_wconf 90' lang='lat' dir='ltr'><strong>Quan-</strong></span> 
     </span>
     <span class='ocr_line' id='line_1_9' title="bbox 386 1561 2648 1647; baseline 0.002 -18"><span class='ocrx_word' id='word_1_60' title='bbox 386 1566 533 1629; x_wconf 88' lang='lat' dir='ltr'><strong>tum</strong></span> <span class='ocrx_word' id='word_1_61' title='bbox 571 1563 750 1629; x_wconf 89' lang='lat' dir='ltr'><strong>inter</strong></span> <span class='ocrx_word' id='word_1_62' title='bbox 795 1561 1146 1629; x_wconf 90' lang='lat' dir='ltr'><strong>Valkelini</strong></span> <span class='ocrx_word' id='word_1_63' title='bbox 1189 1561 1545 1646; x_wconf 87' lang='lat' dir='ltr'><strong>Bolaeique</strong></span> <span class='ocrx_word' id='word_1_64' title='bbox 1598 1563 1839 1629; x_wconf 86' lang='lat' dir='ltr'><strong>Artem</strong></span> <span class='ocrx_word' id='word_1_65' title='bbox 1885 1562 1957 1628; x_wconf 92' lang='lat' dir='ltr'><strong>in</strong></span> <span class='ocrx_word' id='word_1_66' title='bbox 1999 1563 2134 1629; x_wconf 92' lang='lat' dir='ltr'><strong>hoc</strong></span> <span class='ocrx_word' id='word_1_67' title='bbox 2168 1564 2461 1647; x_wconf 89' lang='lat' dir='ltr'><strong>intersit,</strong></span> <span class='ocrx_word' id='word_1_68' title='bbox 2526 1585 2648 1633; x_wconf 84' lang='lat' dir='ltr'><strong>ex-</strong></span> 
     </span>
     <span class='ocr_line' id='line_1_10' title="bbox 389 1675 2640 1765; baseline 0.001 -25"><span class='ocrx_word' id='word_1_69' title='bbox 389 1675 673 1765; x_wconf 89' lang='lat' dir='ltr'><strong>planare</strong></span> <span class='ocrx_word' id='word_1_70' title='bbox 697 1677 848 1761; x_wconf 89' lang='lat' dir='ltr'><strong>jam</strong></span> <span class='ocrx_word' id='word_1_71' title='bbox 884 1694 1022 1742; x_wconf 93' lang='lat' dir='ltr'><strong>non</strong></span> <span class='ocrx_word' id='word_1_72' title='bbox 1058 1694 1231 1765; x_wconf 90' lang='lat' dir='ltr'><strong>opus</strong></span> <span class='ocrx_word' id='word_1_73' title='bbox 1266 1677 1394 1742; x_wconf 91' lang='lat' dir='ltr'><strong>est.</strong></span> <span class='ocrx_word' id='word_1_74' title='bbox 1433 1676 1512 1742; x_wconf 94' lang='lat' dir='ltr'><strong>In</strong></span> <span class='ocrx_word' id='word_1_75' title='bbox 1544 1675 1747 1759; x_wconf 82' lang='lat' dir='ltr'><strong>hujus</strong></span> <span class='ocrx_word' id='word_1_76' title='bbox 1776 1675 2199 1743; x_wconf 86' lang='lat' dir='ltr'><strong>carminibus</strong></span> <span class='ocrx_word' id='word_1_77' title='bbox 2234 1677 2408 1743; x_wconf 91' lang='lat' dir='ltr'><strong>nihil</strong></span> <span class='ocrx_word' id='word_1_78' title='bbox 2451 1679 2640 1763; x_wconf 84' lang='lat' dir='ltr'><strong>vagi,</strong></span> 
     </span>
     <span class='ocr_line' id='line_1_11' title="bbox 389 1785 2647 1876; baseline 0.001 -22"><span class='ocrx_word' id='word_1_79' title='bbox 389 1787 560 1854; x_wconf 92' lang='lat' dir='ltr'><strong>nihil</strong></span> <span class='ocrx_word' id='word_1_80' title='bbox 592 1805 731 1854; x_wconf 92' lang='lat' dir='ltr'><strong>non</strong></span> <span class='ocrx_word' id='word_1_81' title='bbox 764 1788 884 1853; x_wconf 81' lang='lat' dir='ltr'><strong>fixi</strong></span> <span class='ocrx_word' id='word_1_82' title='bbox 925 1803 940 1853; x_wconf 77' lang='lat' dir='ltr'><strong>t</strong></span> <span class='ocrx_word' id='word_1_83' title='bbox 980 1806 1226 1854; x_wconf 90' lang='lat' dir='ltr'><strong>sensus</strong></span> <span class='ocrx_word' id='word_1_84' title='bbox 1253 1806 1529 1872; x_wconf 89' lang='lat' dir='ltr'><strong>semper</strong></span> <span class='ocrx_word' id='word_1_85' title='bbox 1561 1805 1700 1853; x_wconf 85' lang='lat' dir='ltr'><strong>una</strong></span> <span class='ocrx_word' id='word_1_86' title='bbox 1734 1806 1892 1853; x_wconf 90' lang='lat' dir='ltr'><strong>cum</strong></span> <span class='ocrx_word' id='word_1_87' title='bbox 1930 1785 2249 1876; x_wconf 74' lang='lat' dir='ltr'><strong>rhythmo</strong></span> <span class='ocrx_word' id='word_1_88' title='bbox 2283 1789 2356 1855; x_wconf 93' lang='lat' dir='ltr'><strong>in</strong></span> <span class='ocrx_word' id='word_1_89' title='bbox 2399 1789 2647 1856; x_wconf 90' lang='lat' dir='ltr'><strong>hemis-</strong></span> 
     </span>
     <span class='ocr_line' id='line_1_12' title="bbox 391 1901 2643 1986; baseline 0 -18"><span class='ocrx_word' id='word_1_90' title='bbox 391 1901 600 1969; x_wconf 86' lang='lat' dir='ltr'><strong>tichio</strong></span> <span class='ocrx_word' id='word_1_91' title='bbox 639 1901 1107 1986; x_wconf 88' lang='lat' dir='ltr'><strong>suspenditur,</strong></span> <span class='ocrx_word' id='word_1_92' title='bbox 1145 1901 1219 1967; x_wconf 93' lang='lat' dir='ltr'><strong>in</strong></span> <span class='ocrx_word' id='word_1_93' title='bbox 1267 1920 1512 1968; x_wconf 82' lang='lat' dir='ltr'><strong>versus</strong></span> <span class='ocrx_word' id='word_1_94' title='bbox 1563 1902 1701 1967; x_wconf 91' lang='lat' dir='ltr'><strong>fine</strong></span> <span class='ocrx_word' id='word_1_95' title='bbox 1747 1902 2181 1969; x_wconf 87' lang='lat' dir='ltr'><strong>terminatur.</strong></span> <span class='ocrx_word' id='word_1_96' title='bbox 2232 1902 2408 1969; x_wconf 91' lang='lat' dir='ltr'><strong>Illud</strong></span> <span class='ocrx_word' id='word_1_97' title='bbox 2459 1907 2643 1969; x_wconf 90' lang='lat' dir='ltr'><strong>certe</strong></span> 
     </span>
     <span class='ocr_line' id='line_1_13' title="bbox 390 2014 2645 2105; baseline -0 -22"><span class='ocrx_word' id='word_1_98' title='bbox 390 2017 573 2102; x_wconf 85' lang='lat' dir='ltr'><strong>apud</strong></span> <span class='ocrx_word' id='word_1_99' title='bbox 615 2014 927 2083; x_wconf 86' lang='lat' dir='ltr'><strong>Bolaeum</strong></span> <span class='ocrx_word' id='word_1_100' title='bbox 967 2015 1382 2105; x_wconf 89' lang='lat' dir='ltr'><strong>reprehendi</strong></span> <span class='ocrx_word' id='word_1_101' title='bbox 1431 2017 1680 2101; x_wconf 85' lang='lat' dir='ltr'><strong>potest,</strong></span> <span class='ocrx_word' id='word_1_102' title='bbox 1719 2014 1902 2099; x_wconf 87' lang='lat' dir='ltr'><strong>quod</strong></span> <span class='ocrx_word' id='word_1_103' title='bbox 1944 2016 2032 2081; x_wconf 91' lang='lat' dir='ltr'><strong>ad</strong></span> <span class='ocrx_word' id='word_1_104' title='bbox 2076 2035 2285 2082; x_wconf 88' lang='lat' dir='ltr'><strong>unam</strong></span> <span class='ocrx_word' id='word_1_105' title='bbox 2321 2015 2645 2082; x_wconf 89' lang='lat' dir='ltr'><strong>eandem-</strong></span> 
     </span>
     <span class='ocr_line' id='line_1_14' title="bbox 389 2124 2647 2214; baseline -0 -19"><span class='ocrx_word' id='word_1_106' title='bbox 389 2147 523 2214; x_wconf 90' lang='lat' dir='ltr'><strong>que</strong></span> <span class='ocrx_word' id='word_1_107' title='bbox 557 2146 848 2195; x_wconf 92' lang='lat' dir='ltr'><strong>norman</strong></span> <span class='ocrx_word' id='word_1_108' title='bbox 874 2146 1074 2213; x_wconf 87' lang='lat' dir='ltr'><strong>paene</strong></span> <span class='ocrx_word' id='word_1_109' title='bbox 1109 2146 1349 2194; x_wconf 92' lang='lat' dir='ltr'><strong>omnes</strong></span> <span class='ocrx_word' id='word_1_110' title='bbox 1376 2145 1646 2204; x_wconf 79' lang='lat' dir='ltr'><strong>versus,</strong></span> <span class='ocrx_word' id='word_1_111' title='bbox 1673 2132 2141 2212; x_wconf 85' lang='lat' dir='ltr'><strong>quoscumque</strong></span> <span class='ocrx_word' id='word_1_112' title='bbox 2161 2124 2427 2213; x_wconf 83' lang='lat' dir='ltr'><strong>pangit,</strong></span> <span class='ocrx_word' id='word_1_113' title='bbox 2461 2129 2647 2195; x_wconf 93' lang='lat' dir='ltr'><strong>redi-</strong></span> 
     </span>
     <span class='ocr_line' id='line_1_15' title="bbox 390 2240 2642 2331; baseline -0.001 -22"><span class='ocrx_word' id='word_1_114' title='bbox 390 2261 558 2327; x_wconf 85' lang='lat' dir='ltr'><strong>gere</strong></span> <span class='ocrx_word' id='word_1_115' title='bbox 617 2241 891 2309; x_wconf 87' lang='lat' dir='ltr'><strong>videtur</strong></span> <span class='ocrx_word' id='word_1_116' title='bbox 930 2257 945 2308; x_wconf 73' lang='grc' dir='ltr'>ε</span> <span class='ocrx_word' id='word_1_117' title='bbox 995 2240 1374 2327; x_wconf 87' lang='lat' dir='ltr'><strong>pendulum</strong></span> <span class='ocrx_word' id='word_1_118' title='bbox 1420 2240 1608 2307; x_wconf 91' lang='lat' dir='ltr'><strong>enim</strong></span> <span class='ocrx_word' id='word_1_119' title='bbox 1662 2240 2011 2325; x_wconf 89' lang='lat' dir='ltr'><strong>horologii</strong></span> <span class='ocrx_word' id='word_1_120' title='bbox 2074 2241 2342 2331; x_wconf 91' lang='lat' dir='ltr'><strong>pondus</strong></span> <span class='ocrx_word' id='word_1_121' title='bbox 2386 2241 2642 2309; x_wconf 87' lang='lat' dir='ltr'><strong>vibrari</strong></span> 
     </span>
     <span class='ocr_line' id='line_1_16' title="bbox 392 2358 2639 2444; baseline 0 -18"><span class='ocrx_word' id='word_1_122' title='bbox 392 2358 685 2440; x_wconf 89' lang='lat' dir='ltr'><strong>diceres,</strong></span> <span class='ocrx_word' id='word_1_123' title='bbox 716 2359 912 2442; x_wconf 85' lang='lat' dir='ltr'><strong>cujns</strong></span> <span class='ocrx_word' id='word_1_124' title='bbox 945 2359 1033 2424; x_wconf 90' lang='lat' dir='ltr'><strong>ad</strong></span> <span class='ocrx_word' id='word_1_125' title='bbox 1060 2359 1237 2424; x_wconf 84' lang='lat' dir='ltr'><strong>fixos</strong></span> <span class='ocrx_word' id='word_1_126' title='bbox 1265 2359 1493 2424; x_wconf 90' lang='lat' dir='ltr'><strong>motus</strong></span> <span class='ocrx_word' id='word_1_127' title='bbox 1517 2358 1787 2425; x_wconf 87' lang='lat' dir='ltr'><strong>numeri</strong></span> <span class='ocrx_word' id='word_1_128' title='bbox 1817 2358 2140 2442; x_wconf 90' lang='lat' dir='ltr'><strong>modique</strong></span> <span class='ocrx_word' id='word_1_129' title='bbox 2168 2377 2243 2425; x_wconf 90' lang='lat' dir='ltr'><strong>se</strong></span> <span class='ocrx_word' id='word_1_130' title='bbox 2264 2360 2639 2444; x_wconf 87' lang='lat' dir='ltr'><strong>fingerent;</strong></span> 
     </span>
     <span class='ocr_line' id='line_1_17' title="bbox 391 2472 2645 2558; baseline -0.001 -17"><span class='ocrx_word' id='word_1_131' title='bbox 391 2474 513 2541; x_wconf 91' lang='lat' dir='ltr'><strong>sed</strong></span> <span class='ocrx_word' id='word_1_132' title='bbox 564 2473 718 2541; x_wconf 85' lang='lat' dir='ltr'><strong>haec</strong></span> <span class='ocrx_word' id='word_1_133' title='bbox 762 2472 917 2558; x_wconf 90' lang='lat' dir='ltr'><strong>ipsa</strong></span> <span class='ocrx_word' id='word_1_134' title='bbox 963 2472 1373 2551; x_wconf 88' lang='lat' dir='ltr'><strong>constantia,</strong></span> <span class='ocrx_word' id='word_1_135' title='bbox 1415 2472 1733 2557; x_wconf 88' lang='lat' dir='ltr'><strong>quamvis</strong></span> <span class='ocrx_word' id='word_1_136' title='bbox 1774 2472 2002 2539; x_wconf 78' lang='lat' dir='ltr'><strong>laetior</strong></span> <span class='ocrx_word' id='word_1_137' title='bbox 2045 2472 2302 2557; x_wconf 85' lang='lat' dir='ltr'><strong>saepius</strong></span> <span class='ocrx_word' id='word_1_138' title='bbox 2343 2472 2645 2538; x_wconf 84' lang='lat' dir='ltr'><strong>varietas</strong></span> 
     </span>
     <span class='ocr_line' id='line_1_18' title="bbox 391 2583 2643 2671; baseline -0 -19"><span class='ocrx_word' id='word_1_139' title='bbox 391 2585 846 2665; x_wconf 88' lang='lat' dir='ltr'><strong>desideretur,</strong></span> <span class='ocrx_word' id='word_1_140' title='bbox 917 2588 1142 2671; x_wconf 79' lang='lat' dir='ltr'><strong>poetae</strong></span> <span class='ocrx_word' id='word_1_141' title='bbox 1210 2583 1526 2652; x_wconf 83' lang='lat' dir='ltr'><strong>versibus</strong></span> <span class='ocrx_word' id='word_1_142' title='bbox 1591 2587 1870 2651; x_wconf 86' lang='lat' dir='ltr'><strong>acutum</strong></span> <span class='ocrx_word' id='word_1_143' title='bbox 1929 2587 2274 2670; x_wconf 92' lang='lat' dir='ltr'><strong>quendam</strong></span> <span class='ocrx_word' id='word_1_144' title='bbox 2338 2585 2643 2671; x_wconf 90' lang='lat' dir='ltr'><strong>rigorem</strong></span> 
     </span>
     <span class='ocr_line' id='line_1_19' title="bbox 393 2697 2647 2792; baseline 0.002 -26"><span class='ocrx_word' id='word_1_145' title='bbox 393 2702 700 2787; x_wconf 83' lang='lat' dir='ltr'><strong>praestat,</strong></span> <span class='ocrx_word' id='word_1_146' title='bbox 734 2716 890 2783; x_wconf 87' lang='lat' dir='ltr'><strong>quae</strong></span> <span class='ocrx_word' id='word_1_147' title='bbox 927 2718 1084 2765; x_wconf 91' lang='lat' dir='ltr'><strong>cum</strong></span> <span class='ocrx_word' id='word_1_148' title='bbox 1120 2697 1460 2765; x_wconf 86' lang='lat' dir='ltr'><strong>didactico</strong></span> <span class='ocrx_word' id='word_1_149' title='bbox 1493 2717 1753 2783; x_wconf 91' lang='lat' dir='ltr'><strong>genere</strong></span> <span class='ocrx_word' id='word_1_150' title='bbox 1789 2698 1992 2789; x_wconf 92' lang='lat' dir='ltr'><strong>plane</strong></span> <span class='ocrx_word' id='word_1_151' title='bbox 2026 2700 2348 2784; x_wconf 88' lang='lat' dir='ltr'><strong>congruit</strong></span> <span class='ocrx_word' id='word_1_152' title='bbox 2381 2720 2397 2770; x_wconf 89' lang='lat'>:</span> <span class='ocrx_word' id='word_1_153' title='bbox 2442 2705 2647 2792; x_wconf 87' lang='lat' dir='ltr'><strong>peni-</strong></span> 
     </span>
     <span class='ocr_line' id='line_1_20' title="bbox 388 2812 2644 2898; baseline 0.004 -17"><span class='ocrx_word' id='word_1_154' title='bbox 388 2817 498 2882; x_wconf 89' lang='lat' dir='ltr'><strong>tus</strong></span> <span class='ocrx_word' id='word_1_155' title='bbox 547 2812 799 2881; x_wconf 87' lang='lat' dir='ltr'><strong>animis</strong></span> <span class='ocrx_word' id='word_1_156' title='bbox 849 2812 1268 2898; x_wconf 89' lang='lat' dir='ltr'><strong>auribusque</strong></span> <span class='ocrx_word' id='word_1_157' title='bbox 1315 2813 1677 2881; x_wconf 83' lang='lat' dir='ltr'><strong>sententiae</strong></span> <span class='ocrx_word' id='word_1_158' title='bbox 1709 2814 2035 2898; x_wconf 89' lang='lat' dir='ltr'><strong>insident,</strong></span> <span class='ocrx_word' id='word_1_159' title='bbox 2091 2818 2160 2883; x_wconf 85' lang='lat' dir='ltr'><strong>et</strong></span> <span class='ocrx_word' id='word_1_160' title='bbox 2198 2818 2392 2887; x_wconf 88' lang='lat' dir='ltr'><strong>tanto</strong></span> <span class='ocrx_word' id='word_1_161' title='bbox 2438 2820 2644 2890; x_wconf 85' lang='lat' dir='ltr'><strong>altius</strong></span> 
     </span>
     <span class='ocr_line' id='line_1_21' title="bbox 388 2925 2643 3019; baseline 0.004 -26"><span class='ocrx_word' id='word_1_162' title='bbox 388 2926 745 2993; x_wconf 82' lang='lat' dir='ltr'><strong>memoriae</strong></span> <span class='ocrx_word' id='word_1_163' title='bbox 788 2925 1023 2992; x_wconf 84' lang='lat' dir='ltr'><strong>infixae</strong></span> <span class='ocrx_word' id='word_1_164' title='bbox 1069 2929 1374 3006; x_wconf 89' lang='lat' dir='ltr'><strong>manent,</strong></span> <span class='ocrx_word' id='word_1_165' title='bbox 1420 2929 1675 3010; x_wconf 92' lang='lat' dir='ltr'><strong>quanto</strong></span> <span class='ocrx_word' id='word_1_166' title='bbox 1719 2927 1949 2994; x_wconf 91' lang='lat' dir='ltr'><strong>minus</strong></span> <span class='ocrx_word' id='word_1_167' title='bbox 1994 2947 2178 3014; x_wconf 82' lang='lat' dir='ltr'><strong>vaga</strong></span> <span class='ocrx_word' id='word_1_168' title='bbox 2218 2932 2643 3019; x_wconf 87' lang='lat' dir='ltr'><strong>remissaque</strong></span> 
     </span>
     <span class='ocr_line' id='line_1_22' title="bbox 387 3038 1904 3124; baseline 0.002 -19"><span class='ocrx_word' id='word_1_169' title='bbox 387 3042 546 3106; x_wconf 91' lang='lat' dir='ltr'><strong>sunt</strong></span> <span class='ocrx_word' id='word_1_170' title='bbox 578 3038 911 3120; x_wconf 88' lang='lat' dir='ltr'><strong>carmina,</strong></span> <span class='ocrx_word' id='word_1_171' title='bbox 941 3038 1189 3123; x_wconf 90' lang='lat' dir='ltr'><strong>quibus</strong></span> <span class='ocrx_word' id='word_1_172' title='bbox 1216 3038 1569 3124; x_wconf 81' lang='lat' dir='ltr'><strong>inscriptae</strong></span> <span class='ocrx_word' id='word_1_173' title='bbox 1605 3039 1904 3108; x_wconf 87' lang='lat' dir='ltr'><strong>suerunt.</strong></span> 
     </span>
    </p>

    <p class='ocr_par' dir='ltr' id='par_1_3' title="bbox 388 3149 2647 4142">
     <span class='ocr_line' id='line_1_23' title="bbox 477 3149 2646 3239; baseline 0.004 -23"><span class='ocrx_word' id='word_1_174' title='bbox 477 3151 570 3216; x_wconf 93' lang='lat' dir='ltr'><strong>De</strong></span> <span class='ocrx_word' id='word_1_175' title='bbox 605 3149 950 3216; x_wconf 91' lang='lat' dir='ltr'><strong>scribendi</strong></span> <span class='ocrx_word' id='word_1_176' title='bbox 987 3168 1245 3233; x_wconf 92' lang='lat' dir='ltr'><strong>genere</strong></span> <span class='ocrx_word' id='word_1_177' title='bbox 1280 3149 1464 3215; x_wconf 81' lang='lat' dir='ltr'><strong>idem</strong></span> <span class='ocrx_word' id='word_1_178' title='bbox 1500 3149 1679 3215; x_wconf 88' lang='lat' dir='ltr'><strong>inter</strong></span> <span class='ocrx_word' id='word_1_179' title='bbox 1712 3154 1987 3239; x_wconf 86' lang='lat' dir='ltr'><strong>poetam</strong></span> <span class='ocrx_word' id='word_1_180' title='bbox 2006 3154 2372 3238; x_wconf 88' lang='lat' dir='ltr'><strong>utrumque</strong></span> <span class='ocrx_word' id='word_1_181' title='bbox 2402 3156 2646 3224; x_wconf 89' lang='lat' dir='ltr'><strong>discri-</strong></span> 
     </span>
     <span class='ocr_line' id='line_1_24' title="bbox 388 3262 2647 3352; baseline 0.003 -22"><span class='ocrx_word' id='word_1_182' title='bbox 388 3283 549 3330; x_wconf 91' lang='lat' dir='ltr'><strong>men</strong></span> <span class='ocrx_word' id='word_1_183' title='bbox 588 3279 603 3330; x_wconf 89' lang='lat'>:</span> <span class='ocrx_word' id='word_1_184' title='bbox 642 3262 1052 3329; x_wconf 85' lang='lat' dir='ltr'><strong>Valkelinus</strong></span> <span class='ocrx_word' id='word_1_185' title='bbox 1085 3262 1347 3329; x_wconf 90' lang='lat' dir='ltr'><strong>nullam</strong></span> <span class='ocrx_word' id='word_1_186' title='bbox 1382 3262 1608 3329; x_wconf 80' lang='lat' dir='ltr'><strong>aetatis</strong></span> <span class='ocrx_word' id='word_1_187' title='bbox 1643 3267 1909 3352; x_wconf 89' lang='lat' dir='ltr'><strong>partem</strong></span> <span class='ocrx_word' id='word_1_188' title='bbox 1938 3265 2225 3332; x_wconf 81' lang='lat' dir='ltr'><strong>Lutetiae</strong></span> <span class='ocrx_word' id='word_1_189' title='bbox 2254 3267 2434 3334; x_wconf 89' lang='lat' dir='ltr'><strong>inter</strong></span> <span class='ocrx_word' id='word_1_190' title='bbox 2468 3271 2647 3336; x_wconf 89' lang='lat' dir='ltr'><strong>auli-</strong></span> 
     </span>
     <span class='ocr_line' id='line_1_25' title="bbox 389 3376 2643 3463; baseline 0.002 -18"><span class='ocrx_word' id='word_1_191' title='bbox 389 3396 507 3445; x_wconf 87' lang='lat' dir='ltr'><strong>cos</strong></span> <span class='ocrx_word' id='word_1_192' title='bbox 538 3377 712 3463; x_wconf 78' lang='lat' dir='ltr'><strong>egit3</strong></span> <span class='ocrx_word' id='word_1_193' title='bbox 749 3376 1064 3461; x_wconf 92' lang='lat' dir='ltr'><strong>quamvis</strong></span> <span class='ocrx_word' id='word_1_194' title='bbox 1094 3378 1242 3461; x_wconf 83' lang='lat' dir='ltr'><strong>eJ&#39;us</strong></span> <span class='ocrx_word' id='word_1_195' title='bbox 1272 3393 1501 3443; x_wconf 90' lang='lat' dir='ltr'><strong>sermo</strong></span> <span class='ocrx_word' id='word_1_196' title='bbox 1531 3395 1671 3444; x_wconf 93' lang='lat' dir='ltr'><strong>non</strong></span> <span class='ocrx_word' id='word_1_197' title='bbox 1709 3376 1780 3442; x_wconf 92' lang='lat' dir='ltr'><strong>in</strong></span> <span class='ocrx_word' id='word_1_198' title='bbox 1811 3379 2002 3443; x_wconf 87' lang='lat' dir='ltr'><strong>tanta</strong></span> <span class='ocrx_word' id='word_1_199' title='bbox 2035 3380 2373 3463; x_wconf 85' lang='lat' dir='ltr'><strong>pravitate</strong></span> <span class='ocrx_word' id='word_1_200' title='bbox 2407 3401 2643 3450; x_wconf 85' lang='lat' dir='ltr'><strong>verse-</strong></span> 
     </span>
     <span class='ocr_line' id='line_1_26' title="bbox 390 3487 2641 3575; baseline 0.002 -19"><span class='ocrx_word' id='word_1_201' title='bbox 390 3493 526 3570; x_wconf 90' lang='lat' dir='ltr'><strong>tur,</strong></span> <span class='ocrx_word' id='word_1_202' title='bbox 613 3496 870 3575; x_wconf 87' lang='lat' dir='ltr'><strong>quanta</strong></span> <span class='ocrx_word' id='word_1_203' title='bbox 956 3487 1312 3571; x_wconf 88' lang='lat' dir='ltr'><strong>Bartassii,</strong></span> <span class='ocrx_word' id='word_1_204' title='bbox 1381 3488 1496 3573; x_wconf 93' lang='lat' dir='ltr'><strong>qui</strong></span> <span class='ocrx_word' id='word_1_205' title='bbox 1580 3487 1654 3553; x_wconf 93' lang='lat' dir='ltr'><strong>in</strong></span> <span class='ocrx_word' id='word_1_206' title='bbox 1728 3490 2073 3556; x_wconf 88' lang='lat' dir='ltr'><strong>Vasconia</strong></span> <span class='ocrx_word' id='word_1_207' title='bbox 2140 3494 2356 3559; x_wconf 88' lang='lat' dir='ltr'><strong>totam</strong></span> <span class='ocrx_word' id='word_1_208' title='bbox 2426 3495 2641 3562; x_wconf 85' lang='lat' dir='ltr'><strong>vitam</strong></span> 
     </span>
     <span class='ocr_line' id='line_1_27' title="bbox 389 3603 2645 3688; baseline 0.003 -17"><span class='ocrx_word' id='word_1_209' title='bbox 389 3605 816 3685; x_wconf 84' lang='lat' dir='ltr'><strong>traduxerat,</strong></span> <span class='ocrx_word' id='word_1_210' title='bbox 869 3622 1222 3688; x_wconf 90' lang='lat' dir='ltr'><strong>nunquam</strong></span> <span class='ocrx_word' id='word_1_211' title='bbox 1273 3606 1505 3669; x_wconf 86' lang='lat' dir='ltr'><strong>tamen</strong></span> <span class='ocrx_word' id='word_1_212' title='bbox 1560 3603 2022 3670; x_wconf 85' lang='lat' dir='ltr'><strong>urbanitatem</strong></span> <span class='ocrx_word' id='word_1_213' title='bbox 2069 3604 2261 3672; x_wconf 89' lang='lat' dir='ltr'><strong>illam</strong></span> <span class='ocrx_word' id='word_1_214' title='bbox 2303 3610 2372 3674; x_wconf 85' lang='lat' dir='ltr'><strong>et</strong></span> <span class='ocrx_word' id='word_1_215' title='bbox 2418 3609 2645 3677; x_wconf 91' lang='lat' dir='ltr'><strong>incor-</strong></span> 
     </span>
     <span class='ocr_line' id='line_1_28' title="bbox 392 3717 2645 3808; baseline 0.003 -24"><span class='ocrx_word' id='word_1_216' title='bbox 392 3721 663 3808; x_wconf 85' lang='lat' dir='ltr'><strong>ruptam</strong></span> <span class='ocrx_word' id='word_1_217' title='bbox 694 3717 966 3784; x_wconf 91' lang='lat' dir='ltr'><strong>dicendi</strong></span> <span class='ocrx_word' id='word_1_218' title='bbox 1002 3717 1339 3783; x_wconf 89' lang='lat' dir='ltr'><strong>rationem</strong></span> <span class='ocrx_word' id='word_1_219' title='bbox 1381 3717 1657 3801; x_wconf 90' lang='lat' dir='ltr'><strong>assequi</strong></span> <span class='ocrx_word' id='word_1_220' title='bbox 1705 3718 1951 3802; x_wconf 88' lang='lat' dir='ltr'><strong>potuit,</strong></span> <span class='ocrx_word' id='word_1_221' title='bbox 1993 3737 2150 3804; x_wconf 86' lang='lat' dir='ltr'><strong>quae</strong></span> <span class='ocrx_word' id='word_1_222' title='bbox 2178 3723 2362 3807; x_wconf 89' lang='lat' dir='ltr'><strong>apud</strong></span> <span class='ocrx_word' id='word_1_223' title='bbox 2396 3725 2645 3791; x_wconf 88' lang='lat' dir='ltr'><strong>Perro-</strong></span> 
     </span>
     <span class='ocr_line' id='line_1_29' title="bbox 392 3830 2644 3924; baseline 0.004 -27"><span class='ocrx_word' id='word_1_224' title='bbox 392 3851 556 3898; x_wconf 92' lang='lat' dir='ltr'><strong>num</strong></span> <span class='ocrx_word' id='word_1_225' title='bbox 599 3833 1084 3915; x_wconf 82' lang='lat' dir='ltr'><strong>Portaeumque</strong></span> <span class='ocrx_word' id='word_1_226' title='bbox 1118 3830 1550 3897; x_wconf 84' lang='lat' dir='ltr'><strong>laudabatur.</strong></span> <span class='ocrx_word' id='word_1_227' title='bbox 1597 3832 1939 3906; x_wconf 89' lang='lat' dir='ltr'><strong>Quantum</strong></span> <span class='ocrx_word' id='word_1_228' title='bbox 1992 3832 2063 3899; x_wconf 92' lang='lat' dir='ltr'><strong>in</strong></span> <span class='ocrx_word' id='word_1_229' title='bbox 2099 3852 2419 3904; x_wconf 84' lang='lat' dir='ltr'><strong>versuum</strong></span> <span class='ocrx_word' id='word_1_230' title='bbox 2470 3858 2644 3924; x_wconf 92' lang='lat' dir='ltr'><strong>pan-</strong></span> 
     </span>
     <span class='ocr_line' id='line_1_30' title="bbox 391 3941 2639 4030; baseline 0.003 -20"><span class='ocrx_word' id='word_1_231' title='bbox 391 3943 778 4029; x_wconf 88' lang='lat' dir='ltr'><strong>gendorum</strong></span> <span class='ocrx_word' id='word_1_232' title='bbox 816 3947 964 4009; x_wconf 87' lang='lat' dir='ltr'><strong>arte</strong></span> <span class='ocrx_word' id='word_1_233' title='bbox 1004 3944 1345 4028; x_wconf 85' lang='lat' dir='ltr'><strong>peccaret,</strong></span> <span class='ocrx_word' id='word_1_234' title='bbox 1390 3941 1521 4008; x_wconf 91' lang='lat' dir='ltr'><strong>sibi</strong></span> <span class='ocrx_word' id='word_1_235' title='bbox 1573 3943 1890 4010; x_wconf 87' lang='lat' dir='ltr'><strong>conscius</strong></span> <span class='ocrx_word' id='word_1_236' title='bbox 1934 3947 2082 4011; x_wconf 90' lang='lat' dir='ltr'><strong>erat</strong></span> <span class='ocrx_word' id='word_1_237' title='bbox 2121 3963 2137 4030; x_wconf 86' lang='lat'>;</span> <span class='ocrx_word' id='word_1_238' title='bbox 2201 3949 2639 4018; x_wconf 83' lang='lat' dir='ltr'><strong>confitentem</strong></span> 
     </span>
     <span class='ocr_line' id='line_1_31' title="bbox 392 4055 1828 4142; baseline 0.002 -20"><span class='ocrx_word' id='word_1_239' title='bbox 392 4059 666 4142; x_wconf 85' lang='lat' dir='ltr'><strong>poetam</strong></span> <span class='ocrx_word' id='word_1_240' title='bbox 697 4056 979 4123; x_wconf 90' lang='lat' dir='ltr'><strong>secundi</strong></span> <span class='ocrx_word' id='word_1_241' title='bbox 1015 4055 1173 4122; x_wconf 91' lang='lat' dir='ltr'><strong>libri</strong></span> <span class='ocrx_word' id='word_1_242' title='bbox 1209 4055 1405 4122; x_wconf 89' lang='lat' dir='ltr'><strong>initio</strong></span> <span class='ocrx_word' id='word_1_243' title='bbox 1439 4056 1776 4124; x_wconf 91' lang='lat' dir='ltr'><strong>habemus</strong></span> <span class='ocrx_word' id='word_1_244' title='bbox 1812 4073 1828 4124; x_wconf 72' lang='grc' dir='ltr'><strong><em>ε</em></strong></span> 
     </span>
    </p>
   </div>
   <div class='ocr_carea' id='block_1_3' title="bbox 569 4216 2226 4530">
    <p class='ocr_par' dir='ltr' id='par_1_4' title="bbox 569 4216 2226 4530">
     <span class='ocr_line' id='line_1_32' title="bbox 569 4216 2226 4303; baseline 0.004 -21"><span class='ocrx_word' id='word_1_245' title='bbox 569 4216 797 4283; x_wconf 88' lang='lat' dir='ltr'><strong>Faites</strong></span> <span class='ocrx_word' id='word_1_246' title='bbox 826 4236 957 4301; x_wconf 91' lang='lat' dir='ltr'><strong>que</strong></span> <span class='ocrx_word' id='word_1_247' title='bbox 988 4218 1218 4283; x_wconf 87' lang='lat' dir='ltr'><strong>vostre</strong></span> <span class='ocrx_word' id='word_1_248' title='bbox 1251 4236 1488 4301; x_wconf 87' lang='lat' dir='ltr'><strong>grace,</strong></span> <span class='ocrx_word' id='word_1_249' title='bbox 1527 4238 1569 4284; x_wconf 90' lang='lat' dir='ltr'><strong>o</strong></span> <span class='ocrx_word' id='word_1_250' title='bbox 1603 4219 1862 4285; x_wconf 90' lang='lat' dir='ltr'><strong>riantes</strong></span> <span class='ocrx_word' id='word_1_251' title='bbox 1891 4219 2226 4303; x_wconf 76' lang='lat' dir='ltr'><strong>ChariteS,</strong></span> 
     </span>
     <span class='ocr_line' id='line_1_33' title="bbox 569 4328 2188 4413; baseline 0.004 -19"><span class='ocrx_word' id='word_1_252' title='bbox 569 4328 834 4395; x_wconf 85' lang='lat' dir='ltr'><strong>Couvre</strong></span> <span class='ocrx_word' id='word_1_253' title='bbox 871 4329 981 4413; x_wconf 91' lang='lat' dir='ltr'><strong>icy</strong></span> <span class='ocrx_word' id='word_1_254' title='bbox 1009 4328 1073 4393; x_wconf 94' lang='lat' dir='ltr'><strong>le</strong></span> <span class='ocrx_word' id='word_1_255' title='bbox 1109 4328 1344 4395; x_wconf 88' lang='lat' dir='ltr'><strong>desaut</strong></span> <span class='ocrx_word' id='word_1_256' title='bbox 1371 4330 1457 4395; x_wconf 92' lang='lat' dir='ltr'><strong>de</strong></span> <span class='ocrx_word' id='word_1_257' title='bbox 1486 4347 1602 4396; x_wconf 85' lang='lat' dir='ltr'><strong>ces</strong></span> <span class='ocrx_word' id='word_1_258' title='bbox 1635 4330 1871 4413; x_wconf 88' lang='lat' dir='ltr'><strong>regles</strong></span> <span class='ocrx_word' id='word_1_259' title='bbox 1904 4333 2188 4400; x_wconf 89' lang='lat' dir='ltr'><strong>escrites</strong></span> 
     </span>
     <span class='ocr_line' id='line_1_34' title="bbox 571 4440 1497 4530; baseline 0.002 -24"><span class='ocrx_word' id='word_1_260' title='bbox 571 4443 669 4507; x_wconf 88' lang='lat' dir='ltr'><strong>En</strong></span> <span class='ocrx_word' id='word_1_261' title='bbox 703 4459 861 4508; x_wconf 89' lang='lat' dir='ltr'><strong>vers</strong></span> <span class='ocrx_word' id='word_1_262' title='bbox 895 4441 1030 4507; x_wconf 87' lang='lat' dir='ltr'><strong>mal</strong></span> <span class='ocrx_word' id='word_1_263' title='bbox 1063 4460 1363 4526; x_wconf 90' lang='lat' dir='ltr'><strong>agencez</strong></span> <span class='ocrx_word' id='word_1_264' title='bbox 1390 4440 1497 4530; x_wconf 91' lang='lat' dir='ltr'><strong>(l).</strong></span> 
     </span>
    </p>
   </div>
   <div class='ocr_carea' id='block_1_4' title="bbox 395 4586 721 4595">
    <p class='ocr_par' dir='ltr' id='par_1_5' title="bbox 395 4586 721 4595">
     <span class='ocr_line' id='line_1_35' title="bbox 395 4586 721 4595; baseline -0.003 0"><span class='ocrx_word' id='word_1_265' title='bbox 395 4588 466 4595; x_wconf 75' lang='lat'><strong>—-.-</strong></span> <span class='ocrx_word' id='word_1_266' title='bbox 479 4586 721 4594; x_wconf 79' lang='lat'><strong>—.-———</strong></span> 
     </span>
    </p>
   </div>
   <div class='ocr_carea' id='block_1_5' title="bbox 447 4647 730 4704">
    <p class='ocr_par' dir='ltr' id='par_1_6' title="bbox 447 4647 730 4704">
     <span class='ocr_line' id='line_1_36' title="bbox 447 4647 730 4704; baseline -0.004 -9"><span class='ocrx_word' id='word_1_267' title='bbox 447 4650 511 4704; x_wconf 72' lang='lat' dir='ltr'><strong>(l)</strong></span> <span class='ocrx_word' id='word_1_268' title='bbox 540 4647 644 4693; x_wconf 80' lang='lat' dir='ltr'><strong>Lib.</strong></span> <span class='ocrx_word' id='word_1_269' title='bbox 671 4650 730 4694; x_wconf 90' lang='lat'><strong>11.</strong></span> 
     </span>
    </p>
   </div>
  </div>
 </body>
</html>
