3561 5729
1330 647 1649 711 „31-

352 795 530 862 ciam
577 795 929 880 epicorum
977 796 1175 879 quasi
1214 800 1625 863 structuram
1671 798 1936 862 tantum
1981 797 2249 878 doceat,
2295 800 2490 884 cujus
2523 801 2609 867 ad

352 911 711 995 exemplar
745 930 942 976 suum
980 911 1023 991 i,
1054 930 1128 977 se
1159 912 1244 977 de
1271 913 1534 977 Franco
1565 929 1844 977 carmen
1880 917 2383 997 composuerat.

444 1026 880 1105 ValkelinuS,
946 1026 1215 1093 etiamsi
1277 1028 1542 1093 nullum
1597 1029 1927 1112 temporis
1986 1031 2260 1096 modum
2329 1030 2610 1100 heroico

354 1139 654 1223 poemati
701 1138 1106 1204 Aristoteles
1154 1140 1604 1223 assignasset,
1663 1140 1866 1207 unius
1912 1142 2074 1207 anni
2127 1142 2347 1231 spatio
2396 1145 2615 1211 totum

356 1267 532 1335 opus
575 1250 1045 1315 circumscribi
1092 1251 1268 1335 vult;
1318 1252 1575 1317 artiora
1624 1252 1943 1334 quaedam
1996 1253 2218 1319 Flacci
2269 1259 2617 1340 praecepta

356 1364 614 1452 saepius
655 1365 897 1449 refert;
954 1384 1088 1430 non
1137 1384 1303 1430 sane
1356 1365 1463 1432 his
1511 1366 1806 1432 vinculis
1852 1368 2020 1434 satis
2073 1344 2435 1454 expeditus
2487 1373 2615 1453 est,

356 1497 514 1563 quae
551 1479 810 1545 nullam
839 1480 1048 1545 aliam
1082 1480 1220 1545 vim
1257 1480 1537 1559 liabent,
1587 1481 1719 1546 nisi
1769 1484 1843 1547 ut
1875 1486 2100 1567 poetae
2150 1483 2476 1569 impetum
2510 1503 2619 1551 re-

317 1594 651 1687 tardent.
702 1594 831 1660 Sed
874 1613 1209 1677 nusquam
1256 1596 1484 1659 tamen
1529 1595 1711 1678 apud
1756 1614 1914 1661 eum
1959 1601 2329 1663 occurrunt
2362 1597 2473 1663 liae
2507 1616 2624 1663 su-

358 1707 774 1791 perstitiosae
822 1709 1213 1790 futtilesque
1268 1708 1582 1774 formulae
1614 1760 1631 1782 ,
1709 1708 1859 1774 liaec
1906 1706 2125 1776 totius'
2170 1709 2506 1794 poematis
2550 1710 2621 1775 in

357 1824 584 1887 certas
631 1824 862 1909 partes
907 1820 1303 1910 descriptio,
1342 1821 1508 1887 diaec
1543 1822 2052 1910 amplificandae
2102 1823 2410 1888 materiae
2459 1823 2627 1888 arti-

356 1931 540 2013 ficia,
579 1950 736 2015 quae
783 1932 1177 2019 superiores
1224 1931 1373 1997 sola
1413 1932 1863 1998 tradiderant.
1922 1935 2138 1998 Immo
2189 1934 2423 1999 nescio
2458 1933 2620 2018 quid

356 2045 646 2111 liberale
693 2064 774 2112 ac
822 2064 1240 2129 generosum
1271 2047 1450 2113 inest
1496 2047 1567 2112 in
1609 2048 1743 2130 his,
1784 2067 1940 2132 quae
1988 2049 2073 2113 de
2123 2049 2318 2138 epico
2367 2067 2625 2134 genere

358 2160 600 2226 scribit
643 2178 658 2227 ε

447 2351 563 2416 Tel
600 2369 909 2434 ouvrage
948 2355 1053 2417 est
1086 2350 1465 2417 semblable
1498 2351 1539 2415 a
1569 2368 1685 2416 ces
1714 2349 1950 2416 fecons
1983 2351 2330 2434 herbages

452 2466 574 2540 Qui
615 2470 771 2531 sont
807 2466 1072 2532 fournis
1102 2466 1187 2531 de
1223 2484 1380 2551 prez
1411 2469 1480 2531 et
1507 2464 1593 2531 dc
1628 2483 1794 2549 gras
1829 2470 2266 2550 pasturageS,

452 2582 665 2648 D’une
696 2581 904 2647 haute
937 2581 1205 2666 fustaye
1244 2587 1313 2648 et
1346 2583 1508 2647 d'un
1545 2583 1810 2665 bocage
1838 2582 2149 2669 espaiS...

456 2697 584 2761 Les
620 2698 799 2762 cet-fs
833 2695 968 2761 soit
997 2714 1084 2761 en
1118 2696 1186 2761 la
1218 2695 1408 2762 taille
1443 2714 1534 2761 ou
1567 2696 1701 2761 soit
1734 2696 1908 2761 dans
1941 2696 2043 2762 les
2076 2697 2469 2781 gaignages

453 2810 516 2874 Y
547 2810 692 2875 font
719 2809 906 2877 leurs
935 2809 1231 2891 viendis,
1267 2810 1452 2877 leurs
1488 2810 1831 2890 buissons,
1870 2809 2056 2876 leurs
2091 2811 2464 2895 ombrages
2493 2829 2509 2894 ;

461 2926 587 2990 Les
619 2924 907 2990 abeilles
940 2945 986 3009 y
1021 2928 1184 2990 vont
1218 2943 1343 3013 par
1367 2925 1740 2990 escadrons
1777 2926 2110 3009 bruyants

456 3036 802 3102 Cher-cher
838 3037 1055 3121 parmi
1089 3036 1188 3102 les
1223 3036 1430 3103 fieurs
1460 3036 1646 3102 leurs
1682 3036 1913 3103 vivres
1941 3040 2385 3123 rousoyants;

458 3149 549 3215 Le
587 3149 784 3214 boeuf
808 3149 1191 3230 laborieux,
1225 3148 1289 3214 le
1325 3155 1606 3215 mouton
1639 3169 1684 3234 y
1713 3157 2017 3235 pastum,

454 3264 537 3328 Et
564 3267 711 3328 tout
740 3269 936 3328 autre
962 3264 1218 3329 animal
1254 3283 1298 3348 y
1328 3264 1543 3347 prend
1581 3282 1659 3329 sa
1687 3264 2103 3329 nourriture.

453 3377 552 3441 En
591 3376 948 3460 l'ouvrage
984 3376 1316 3460 liero'i'que
1347 3376 1523 3442 ainsi
1559 3376 1822 3442 chacun
1856 3395 1931 3442 se
1969 3376 2197 3460 plaist„

458 3490 715 3556 Mesme
749 3509 794 3574 y
824 3497 1065 3556 trouve
1102 3491 1186 3556 do
1212 3490 1370 3574 quoi
1399 3508 1524 3556 son
1555 3490 1769 3574 esprit
1801 3488 1846 3554 il
1880 3489 2179 3574 repaist;

460 3605 625 3670 Ilun
660 3624 705 3688 y
736 3605 986 3670 tondra
1019 3604 1088 3669 la
1117 3604 1286 3671 fleur
1320 3604 1707 3670 seulement
1738 3605 1824 3670 de
1860 3604 2221 3685 l'histoire‚

457 3719 538 3784 Et
571 3718 819 3785 l’autre
849 3720 892 3784 ὸ,
926 3717 993 3784 la
1025 3720 1269 3784 beaute
1300 3719 1393 3784 du
1426 3718 1729 3804 langage
1764 3719 1981 3804 prend
2018 3719 2244 3802 gloire
2266 3719 2372 3805 (l).

366 3933 448 3997 In
480 3931 589 3997 his
626 3931 941 3998 versibus
970 3931 1139 3996 nihil
1176 3930 1546 4022 artificiose
1582 3929 1998 4005 concinnati,
2043 3928 2211 3994 nibil
2244 3928 2330 3993 ad
2368 3913 2628 4012 angus-

367 4045 616 4111 tiorem
636 4045 915 4129 generis
939 4045 1227 4110 sormam
1254 4043 1640 4129 compositi,
1673 4042 1841 4108 nihil
1870 4042 2050 4126 quod
2080 4040 2370 4107 liberum
2405 4044 2629 4126 poetae

365 4177 645 4225 cursum
702 4159 1034 4247 impediat
1089 4174 1104 4224 ε
1164 4177 1346 4242 vaga
1405 4157 1723 4242 quaedam
1787 4154 2066 4221 licentia
2132 4155 2357 4240 potius
2413 4173 2620 4239 quam

365 4272 583 4338 artior
631 4273 968 4338 severitas
1015 4269 1423 4358 reprehendi
1471 4273 1714 4356 potest.
1768 4268 1845 4333 In
1889 4267 2170 4332 Homeri
2210 4265 2629 4350 Hesio‹1ique

362 4385 822 4471 poematibus,
852 4385 1252 4474 priusquam
1287 4384 1566 4448 subtilia
1586 4383 1670 4448 de
1695 4399 1972 4465 quoque
1994 4398 2255 4464 genere
2278 4383 2628 4468 praecepta

368 4503 574 4566 Artes
634 4501 924 4585 poeticae
981 4498 1450 4578 tradidissent,
1534 4495 1860 4583 expedita
1937 4494 2254 4578 quaedam
2333 4495 2626 4561 facilitas

428 4711 488 4766 (1)
517 4711 662 4756 Valk.
682 4711 796 4765 Are,
816 4710 853 4754 1.

659 4803 709 4839 c.
751 4802 797 4838 ν.
2316 4783 2351 4834 6
