3561 5729
1888 629 2211 691 -34-

923 776 1139 854 lusuS,
1174 774 1427 862 praeter
1458 788 1632 855 quos
1681 769 1942 837 nullam
1987 770 2246 856 poesim
2293 773 2621 851 noverat,
2662 773 2805 838 toto
2849 770 2920 837 in
2958 788 3169 856 opere

918 887 1246 955 describit
1295 904 1377 951 ac
1433 884 1892 965 commendat,
1947 883 2063 950 ille
2106 901 2271 950 vero
2315 884 2643 968 quidquid
2687 884 2772 950 de
2821 881 3172 973 rhythmis

918 997 1275 1077 catenatis,
1331 995 1648 1079 adnexis,
1699 1002 1860 1078 etc.,
1904 997 2050 1082 ipse
2094 997 2396 1080 attingit,
2442 998 2529 1062 ad
2570 1000 2777 1064 finem
2824 997 3055 1084 operis
3098 998 3171 1064 in

920 1117 1236 1183 ultimum
1276 1116 1479 1202 caput
1526 1111 1833 1196 relegat,
1871 1112 2081 1177 immo
2117 1111 2479 1196 plerosque
2528 1112 2856 1193 declarat,
2896 1111 3169 1178 obsole-

916 1232 1128 1297 tiores
1164 1231 1313 1313 jam
1365 1230 1433 1293 et
1474 1225 1828 1291 rarissime
1868 1225 1940 1290 in
1983 1229 2340 1309 poetarum
2383 1243 2513 1291 usu
2557 1226 2816 1310 positos
2867 1228 2981 1313 (1),
3028 1246 3168 1292 non

918 1344 1207 1408 multum
1244 1342 1488 1406 abesse
1519 1338 1683 1423 quin
1721 1338 1996 1423 penitus
2025 1342 2574 1404 contemnantur.

1002 1458 1189 1524 Nihil
1218 1445 1400 1523 'vero
1440 1456 1512 1520 in
1556 1454 1822 1521 Sibileti
1865 1456 2029 1520 Arte
2077 1453 2465 1539 proximam
2506 1455 2734 1540 poesis
2777 1455 3172 1523 renovatio-

917 1593 1077 1640 nem
1118 1572 1343 1657 magis
1386 1571 1758 1656 significat,
1804 1589 2009 1655 quam
2051 1588 2503 1655 quaecumque
2555 1572 2644 1637 ad
2687 1571 2964 1639 diversa
3006 1590 3171 1656 poe·

920 1689 1180 1752 matum
1232 1666 1492 1767 genera
1537 1682 1904 1768 pertinent.
1958 1683 2057 1748 Ex
2105 1681 2213 1749 his
2261 1682 2444 1749 enirn
2504 1686 2790 1769 apparet
2837 1685 3169 1769 majorem

920 1820 1157 1867 eorum
1192 1802 1484 1885 partem,
1518 1816 1674 1882 quae
1705 1799 1928 1863 Faber
1956 1797 2438 1882 descripserat,
2472 1802 2592 1865 aut
2624 1798 3019 1865 exolescere
3053 1801 3173 1866 aut

920 1913 1196 1995 mutari,
1243 1931 1425 1978 nova
1466 1929 1632 1978 vero
1678 1930 1766 1977 ex
1813 1913 2125 1977 veterum
2169 1910 2550 1977 imitatione
2599 1911 2764 1978 oriri
2795 1900 2877 1978 'et
2907 1913 3058 1997 jam
3099 1913 3171 1979 in

921 2029 1136 2095 multo
1170 2028 1431 2093 honore
1463 2024 1750 2091 versari.

1011 2143 1102 2207 De
1132 2135 1377 2208 baladcc
1403 2148 1631 2204 tamen
1663 2156 1744 2203 ac
1783 2155 2012 2226 campo
2049 2133 2276 2226 reqali
2309 2138 2551 2204 eadem
2583 2156 2796 2227 prope
2830 2157 2912 2205 ac
2951 2139 3174 2205 Faber

923 2256 1070 2339 ipse
1098 2252 1348 2319 tradit:
1390 2251 1510 2317 sed
1542 2270 1629 2316 ex
1657 2249 1807 2317 sola
1843 2246 2142 2316 rondelli
2174 2250 2598 2332 definitione,
2629 2253 2821 2335 cujus
2853 2254 3174 2335 quattuor

923 2383 1186 2450 genera
1236 2364 1646 2429 adnumerat
1703 2360 1826 2447 (⁶2),
1885 2362 2087 2446 plane
2135 2362 2562 2446 intellegitur
2625 2363 2929 2448 aequales
2971 2363 3176 2449 hujus

925 2476 1255 2567 temporis
1289 2480 1510 2558 vateS,
1549 2474 1690 2560 qui,
1742 2476 1926 2541 velut
1968 2477 2298 2556 MarotuS‚
2346 2476 2682 2561 ejusmodi
2726 2495 2974 2562 poema
3003 2494 3177 2542 non-

926 2594 1090 2658 dum
1151 2590 1377 2657 colere
1444 2589 1830 2669 desierant,
1918 2588 2410 2679 multiplicibus
2463 2589 2889 2657 severiorum
2939 2590 3176 2674 legum

922 2709 1124 2776 nodis
1167 2705 1491 2793 expedire
1527 2704 1594 2769 id
1639 2704 1841 2770 velle.
1887 2704 2205 2771 Ceterum
2243 2704 2449 2788 hujus
2490 2705 2770 2789 generis
2811 2710 3174 2773 consuetu-

923 2825 1155 2892 dinem
1190 2823 1277 2889 ab
1322 2819 1839 2905 elegantissimo
1886 2837 2155 2905 quoque
2195 2821 2351 2886 vate
2390 2819 2734 2886 desertam
2786 2839 2939 2888 esse
2986 2820 3172 2890 Artis

924 2937 1214 3028 poeticae
1257 2935 1552 3023 scriptor
1595 2935 1888 2999 testatur
1936 2933 2052 3019 (3).
2103 2934 2272 2999 Item
2317 2934 2404 3024 de
2451 2935 2872 3002 carminibus
2921 2936 3173 3020 gallice

928 3052 1168 3135 «lay»
1222 3052 1289 3115 et
1336 3048 1714 3132 «virelay»
1768 3046 1993 3127 dictis,
2050 3065 2230 3130 quae,
2282 3049 2358 3112 ut
2408 3047 2555 3132 ipse
2616 3052 2735 3130 ai‘t,
2784 3052 2925 3114 tam
2981 3051 3175 3139 parvi

923 3183 1106 3231 nunc
1140 3182 1183 3230 a
1216 3161 1687 3229 celeberrimis
1723 3160 1945 3246 poetis
1980 3159 2435 3242 aestimantur,
2470 3162 2541 3227 ut
2571 3180 2805 3227 eorum
2844 3163 2955 3228 vel
2986 3182 3178 3229 men-

921 3280 1181 3346 tionem
1212 3277 1437 3342 facere
1468 3274 1997 3360 supersedisset,
2036 3274 2165 3340 nisi
2197 3274 2539 3341 timuisset
2568 3275 2826 3361 aliquid
2855 3277 2940 3343 de
2975 3280 3179 3362 majo-

923 3392 1114 3458 ribus
1150 3390 1537 3470 detrahere,
1569 3407 1765 3473 quos,
1792 3407 1946 3454 cum
1970 3407 2056 3453 ex
2088 3388 2315 3473 prisca
2351 3388 2723 3477 asperitate
2760 3391 2828 3455 et
2857 3391 3181 3456 barbaria

925 3505 995 3571 in
1031 3504 1419 3589 politiorem
1453 3501 2070 3586 humanioremque
2110 3502 2366 3568 cultum
2412 3502 2716 3586 aequales
2751 3504 3173 3584 vocaverint,

924 3636 1193 3686 summo
1241 3618 1502 3683 honore
1547 3635 1628 3682 ac
1680 3615 2126 3681 veneratione
2180 3614 2362 3681 affici
2408 3617 2675 3699 justum
2721 3619 2826 3683 est
2875 3614 2955 3702 (4)
3037 3618 3175 3683 Has
3283 3605 3288 3610 ’

924 3732 1109 3798 enim
1143 3748 1381 3796 omnes
1416 3730 1812 3815 poematum
1858 3727 2125 3811 species
2168 3728 2528 3809 Heroetns,
2570 3728 2834 3810 Scaeva,
2883 3728 3174 3795 Salellus

923 3849 991 3911 et
1024 3844 1234 3911 ceteri
1267 3842 1620 3909 rarissime
1651 3839 2032 3923 coluerant,
2067 3842 2376 3907 Marotus
2401 3841 2660 3908 veroin
2696 3840 2938 3930 primis
2965 3842 3172 3908 modo

911 3962 1221 4043 juventae
1255 3955 1704 4041 temporibus,

972 4181 1034 4236 (1)
1061 4198 1085 4220 α
1105 4181 1174 4224 Dc
1196 4179 1363 4224 vieille
1384 4177 1544 4222 mode.
1566 4192 1591 4216 κ
1617 4176 1745 4228 (Lib.
1767 4176 1829 4229 11,
1859 4187 1966 4232 cap.
1988 4176 2114 4227 XV).

972 4260 1035 4311 (2)
1065 4258 1172 4303 Lib.
1197 4258 1256 4310 11,
1279 4268 1387 4313 cap.
1410 4257 1492 4301 111.

970 4337 1031 4388 (3)
1060 4338 1197 4389 thid„
1220 4336 1335 4378 ibid.
1364 4351 1387 4374 α
1407 4336 1504 4378 Les
1525 4333 1698 4389 poetes
1733 4333 1809 4378 les
1831 4332 1945 4389 plus
1980 4331 2132 4376 trians
2153 4333 2239 4376 ont
2271 4330 2426 4388 quitte
2447 4331 2523 4375 les
2552 4331 2805 4377 rondeaux
2832 4332 2861 4377 a
2882 4328 3171 4389 Pantiquite.

917 4408 1012 4450 etc.
1034 4422 1056 4443 n

967 4482 1029 4535 (4)
1058 4480 1166 4525 Lib.
1186 4481 1244 4534 11,
1266 4489 1374 4534 cap.
1395 4478 1486 4522 x11
1509 4479 1560 4520 et
1580 4477 1711 4520 XIII.
1732 4492 1758 4516 <t
1776 4476 1906 4520 Pour
1925 4475 1971 4519 le
1989 4486 2086 4530 peu
2105 4475 2304 4529 d'usage
2325 4475 2468 4530 qu'ils
2490 4476 2574 4518 ont
2592 4474 2917 4529 aujourd'huy
2931 4475 3069 4518 entre
3090 4473 3167 4518 les

914 4546 1088 4602 poetes
1109 4544 1345 4597 celebres,
1382 4543 1429 4597 Je
1463 4542 1538 4585 les
1564 4552 1712 4585 eusse
1742 4540 1986 4584 aisement
2018 4540 2199 4584 laissez
2227 4538 2255 4583 a
2285 4541 2333 4582 te
2363 4539 2600 4594 declaret,
2634 4539 2677 4582 si
2707 4539 2757 4591 je
2786 4538 2983 4582 n'eusse
3006 4537 3167 4581 craint

914 4616 1033 4661 faire
1054 4615 1151 4658 tort
1170 4613 1197 4657 a
1218 4611 1505 4667 l'antiquite‚
1528 4610 1741 4664 laquelle
1763 4609 1825 4652 de
1847 4619 1931 4652 ses
1951 4607 2187 4652 rudesscs
2208 4609 2257 4650 et
2284 4609 2507 4662 aspretez
2530 4616 2655 4649 nous
2683 4607 2837 4659 ayant
2864 4604 2980 4650 [αἰαὶ
3003 4607 3169 4649 cntror

913 4693 1009 4726 aux
1032 4681 1351 4737 polisseures,
1378 4678 1516 4723 doibt
1535 4681 1666 4723 estre
1686 4687 1899 4722 venereo
1919 4675 1980 4720 de
2001 4685 2126 4719 nous
2148 4684 2338 4719 comme
2360 4676 2526 4717 nostre
2546 4672 2678 4718 mere
2699 4676 2749 4717 et
2765 4672 3072 4718 maian-esse.
3088 4685 3112 4709 ι·
