3561 5729
2881 426 2980 502 f.

1910 601 2227 663 —30—

947 763 1029 811 ac
1067 743 1405 833 poeticam
1457 761 1501 808 a
1555 761 1786 811 rerum
1829 745 2337 829 verborumque
2382 745 2799 813 obscuritate
2842 745 3198 814 molestio-

944 861 1176 945 risque
1211 859 1521 926 doctrina
1557 861 2012 927 ostentatione
2048 879 2322 947 semper
2352 860 2678 927 defendit.

1035 975 1267 1040 Talem
1309 974 1395 1039 ad
1441 977 1713 1062 poetam
1763 973 2027 1039 Sibileti
2077 975 2208 1040 Ars
2244 977 2388 1040 tota
2430 976 2823 1060 respondet,
2861 994 3018 1060 quae
3048 976 3193 1060 jam

940 1088 1144 1155 nobis
1177 1087 1589 1154 excutienda
1626 1090 1752 1169 est,
1800 1090 1875 1153 ut
1910 1087 2140 1172 poesis
2187 1089 2445 1153 nostrae
2484 1088 2551 1153 id
2593 1089 2924 1184 temporis
2956 1108 3193 1156 veram

945 1201 1246 1287 speciem
1291 1192 1625 1285 effingere
1665 1201 2033 1289 possimus
2091 1202 2323 1268 Pauca
2363 1220 2531 1268 vero
2575 1202 2660 1269 de
2713 1202 2863 1292 ipso
2911 1203 3193 1271 Sibileto

944 1312 1136 1401 prius
1169 1313 1638 1380 memoranda.

1033 1427 1448 1519 Duodecimo
1500 1426 1738 1494 saeculi
1792 1445 1975 1495 anno
2027 1430 2231 1495 natus
2283 1430 2453 1501 erat.
2510 1429 2836 1505 Quamvis
2888 1429 2958 1495 in
3003 1428 3194 1496 curia

944 1541 1308 1626 parisiensi
1345 1540 1733 1608 causidicus
1777 1544 1983 1623 esset,
2017 1543 2221 1627 hujus
2258 1543 2565 1610 muneris
2604 1543 2834 1609 officia
2860 1562 3001 1611 non
3035 1561 3187 1610 eum

946 1655 1469 1741 prohibuerunt,
1514 1656 1678 1741 quin
1721 1655 1968 1723 litteris
2011 1659 2079 1723 et
2121 1658 2309 1742 poesi
2351 1674 2504 1724 sese
2547 1659 2820 1746 penitus
2863 1658 3188 1724 dederet:

941 1769 1138 1835 latini
1179 1772 1247 1836 et
1288 1767 1502 1852 graeci
1543 1770 1882 1835 sermonis
1927 1769 2408 1855 peritissimuS,
2460 1770 2528 1837 in
2577 1773 2850 1837 exteras
2897 1772 3190 1855 Europae

941 1880 1265 1964 regiones
1309 1880 1600 1946 multum
1641 1880 2124 1968 peregrinatus
2171 1883 2299 1962 est,
2350 1900 2431 1948 ac
2474 1882 2840 1967 plerasque
2886 1881 3187 1965 linguaS,

943 2011 1100 2079 quae
1142 1993 1213 2059 in
1261 1992 1347 2058 iis
1383 1994 1827 2078 usurpantur,
1875 1993 2135 2060 didicit.
2183 1995 2427 2060 Petrus
2473 1994 2709 2077 Stella,
2755 1995 2950 2079 cuius
2994 1994 3194 2060 fami-

940 2105 1135 2172 liaris
1177 2104 1327 2188 fuit,
1363 2124 1521 2172 eum
1554 2106 1623 2171 in
1659 2105 2170 2173 commentariis
2211 2106 2439 2174 virum
2471 2108 2765 2192 probum
2812 2106 3194 2174 eruditum-

941 2237 1074 2303 que
1123 2221 1369 2285 vocat:
1421 2220 1625 2285 ambo
1675 2219 1747 2285 in
1800 2237 2147 2286 carcerem
2202 2219 2444 2302 simul,
2492 2221 2829 2287 bellorum
2885 2220 3194 2287 civilium

938 2335 1274 2418 tempore,
1311 2334 1399 2398 ab
1430 2333 1784 2400 Henoticae
1811 2333 2125 2400 factionis
2154 2334 2444 2401 ducibus
2475 2334 2763 2419 conjecti
2799 2335 2984 2415 sunt,
3016 2334 3195 2400 Sibi-

932 2446 1247 2530 letusque
1274 2447 1480 2532 paulo
1508 2450 1663 2536 post
1689 2446 1973 2529 interiit,
1994 2465 2200 2531 quam
2225 2465 2263 2513 e
2292 2448 2605 2515 custodia
2629 2446 2921 2514 emissus
2946 2451 3051 2515 est
3070 2446 3182 2533 (1).

930 2559 1085 2626 Non
1124 2560 1325 2645 plura
1374 2560 1459 2625 de
1508 2561 1655 2642 eJus
1694 2559 1838 2625 vita
1884 2560 2297 2645 accepimus
2348 2560 2895 2645 Quadragesimo
2941 2563 3185 2627 octavo

930 2674 1171 2742 saeculi
1216 2692 1399 2741 anno
1430 2676 1666 2741 Artem
1696 2674 2038 2762 poeticam
2075 2674 2410 2757 ediderat,
2449 2692 2533 2741 ea
2564 2674 2716 2760 ipsa
2748 2676 3181 2760 tempestate,

931 2808 1069 2877 qua
1101 2790 1505 2857 Ronsardus
1534 2807 1689 2856 cum
1724 2789 1964 2855 amicis
1996 2789 2242 2856 diurna
2267 2792 2738 2876 nocturnaque
2764 2808 2973 2858 manu
3004 2780 3186 2855 vete-

927 2921 1086 2969 rum
1129 2901 1579 2986 exemplaria,
1636 2903 1896 2968 Aurato
1959 2902 2318 2987 magistro,
2365 2904 2688 2969 versabat
2747 2906 2816 2969 et
2871 2902 3177 2983 Pindari,

929 3014 1237 3096 Homeri,
1277 3013 1580 3079 Maronis
1609 3013 1936 3098 operibus
1967 3023 2296 3099 tanquam
2330 3014 2720 3082 incubabat.

1019 3126 1282 3193 Sibileti
1323 3143 1497 3210 opus
1534 3125 1605 3191 in
1645 3126 1819 3192 duos
1869 3126 2085 3193 libros
2128 3127 2425 3194 divisum
2460 3130 2586 3195 est.
2639 3128 2829 3194 Alter
2869 3127 2955 3193 de
2990 3126 3181 3213 poesi

928 3241 1314 3327 generatim
1357 3242 1425 3305 et
1466 3239 1789 3306 universe
1830 3241 2102 3334 scribit,
2155 3241 2240 3308 de
2284 3242 2810 3328 pangendorum
2856 3259 3179 3308 versuum

926 3354 1225 3438 legibuS,
1264 3353 1350 3418 de
1381 3352 1675 3419 diversis
1710 3351 2189 3440 rhythmorum
2225 3354 2403 3420 inter
2436 3372 2511 3420 se
2550 3354 3177 3420 connectendorum

927 3465 1193 3534 modis:
1243 3465 1315 3531 in
1355 3465 1574 3531 altero
1618 3466 1852 3531 omnia
1901 3466 2281 3532 carminum
2321 3484 2582 3550 genera
2620 3471 3067 3534 recensentur
3114 3470 3178 3532 et

926 3579 1381 3665 explicantur.

1017 3693 1208 3770 Quod
1254 3692 1341 3758 ad
1399 3709 1641 3759 versus
1704 3695 2022 3759 naturam
2078 3694 2542 3762 definiendam
2600 3694 2882 3777 attinet,
2939 3693 3180 3760 eadem

927 3826 1142 3893 prope
1195 3825 1352 3891 quae
1406 3807 1626 3872 Faber
1669 3806 1991 3873 Sibiletus
2033 3807 2278 3894 tradit3
2328 3808 2449 3874 sed
2495 3807 2847 3874 femininae
2892 3826 3179 3874 caesurae

926 3919 1147 4003 legeS,
1181 3936 1473 4002 quarum
1510 3922 1862 4004 expertem
1898 3937 2049 3985 esse
2092 3920 2389 3986 Fabrum
2431 3921 2996 4003 memoravimuS,
3030 3922 3177 4006 ipse

927 4031 1299 4113 diligenter
1355 4030 1555 4095 docet
1601 4028 1725 4116 (2),
1771 4048 2026 4115 easque
2074 4033 2398 4114 testatur,
2455 4033 2771 4117 quamvis
2812 4051 2857 4099 a
2909 4035 3175 4100 Maroto

928 4143 1120 4227 olim,
1155 4162 1312 4210 cum
1335 4142 1617 4241 juvenis
1652 4144 2025 4210 admodum
2058 4148 2265 4219 esset.
2302 4145 2708 4230 plerumque
2743 4147 2999 4215 fuerint
3030 4147 3178 4214 vio-

926 4255 1117 4340 latae,
1149 4256 1237 4321 ab
1268 4238 1529 4339 optimo
1564 4272 1835 4338 quoque
1863 4257 2019 4321 vate
2031 4258 2179 4340 jam
2213 4275 2484 4323 summa
2512 4276 2681 4324 cura
2708 4260 2996 4326 servari.

980 4542 1042 4599 (1)
1062 4544 1209 4589 Anno
1229 4543 1349 4590 1589.

977 4621 1041 4678 (ἲ)
1066 4622 1203 4669 sext.
1222 4633 1348 4678 cap„
1368 4619 1455 4665 lib.
1478 4620 1516 4666 l.
