3561 5729
1291 677 1654 737 -115—

327 820 790 904 moribusque
841 819 1110 900 imbuti,
1149 818 1548 886 christianae
1592 819 2021 903 antiquitatis
2066 840 2268 909 paene
2325 841 2599 889 omnem

330 952 625 1000 sensum
669 952 756 999 ex
807 933 1057 998 animis
1109 932 1441 1018 paulatim
1484 934 1887 999 amiserunt.
1928 935 2181 1001 Parum
2225 940 2374 1003 erat
2420 939 2601 1020 quod

329 1048 748 1113 Graecorum
789 1047 1395 1131 Romanorumque
1428 1048 1717 1113 numina
1753 1048 2031 1131 gallicae
2070 1050 2260 1133 poesi
2303 1051 2605 1117 Ronsar-

331 1160 474 1225 dus
521 1159 1027 1239 immiscuerat;
1055 1161 1204 1242 jam
1233 1159 1377 1225 fere
1419 1177 1660 1225 omnes
1701 1163 1925 1245 poetae
1956 1162 2171 1227 Musis
2204 1161 2603 1246 Phoeboque

331 1292 500 1340 sese
552 1274 988 1355 addicebant,
1032 1272 1482 1358 obliviscique
1528 1274 1945 1341 videbantur
1991 1294 2197 1359 quam
2248 1277 2465 1342 multa
2520 1296 2607 1343 ex

331 1388 564 1454 sacris
589 1407 777 1454 verae
805 1387 1167 1472 religionis
1200 1388 1501 1454 fontibus
1526 1388 1792 1454 hauriri
1829 1393 2132 1477 possent,
2162 1391 2343 1456 unde
2373 1393 2608 1457 vatum

337 1504 710 1587 ingenium
781 1503 1084 1570 aleretur
1160 1505 1228 1569 et
1286 1503 1522 1569 divino
1575 1505 1874 1588 quodam
1924 1505 2169 1590 spiritu
2227 1505 2603 1572 afflaretur.

337 1617 727 1684 Catholicae
765 1617 1040 1700 quidem
1084 1617 1244 1683 fidei
1283 1617 1798 1683 observantiam
1830 1617 2252 1683 retinebant:
2296 1619 2491 1684 multi
2523 1638 2609 1685 ex

336 1732 458 1800 his
501 1752 656 1798 eam
692 1732 838 1799 sive
869 1722 1258 1814 scribendO,
1298 1732 1442 1798 sive
1463 1732 1671 1797 etiam
1701 1733 2079 1817 pugnando
2114 1732 2604 1819 defenderunt3

342 1847 563 1914 immo
595 1847 875 1931 quidam
919 1848 1006 1911 ad
1042 1865 1347 1913 summas
1380 1847 1712 1913 Ecclesiae
1753 1847 2127 1929 dignitates
2158 1848 2378 1913 evecti
2416 1853 2603 1914 sunt.

338 1949 671 2026 Attamen
717 1977 1012 2044 paganae
1059 1959 1486 2042 antiquitatis
1521 1959 1754 2025 nescio
1792 1958 1946 2042 quis
1981 1960 2153 2025 odor
2201 1962 2269 2025 et
2306 1960 2497 2026 color
2537 1961 2611 2026 in

344 2074 437 2140 iis
472 2074 644 2159 ipsis
673 2072 1079 2150 manifestus
1115 2075 1244 2154 est,
1274 2073 1389 2157 qui
1424 2076 1543 2138 aut
1580 2074 1867 2139 abbates
1901 2075 2020 2138 aut
2062 2072 2368 2162 episcopi
2404 2074 2616 2140 exsti-

339 2188 602 2254 terunt.
672 2186 750 2251 In
809 2184 1114 2251 carmine
1169 2185 1349 2270 quod
1414 2181 1686 2253 Urania
1741 2184 2140 2250 inscribitur
2193 2189 2260 2251 et
2321 2186 2393 2251 in
2457 2204 2614 2274 poe-

344 2302 614 2365 matum
644 2298 1056 2387 praefatione
1074 2299 1223 2383 jam
1258 2299 1570 2365 invectus
1598 2302 1747 2364 erat
1780 2298 2170 2365 Bartassius
2204 2300 2274 2364 in
2310 2300 2614 2383 aequales

351 2416 597 2500 poetas
631 2413 747 2497 qui
800 2412 1197 2478 christianae
1237 2412 1599 2496 religionis
1645 2413 2112 2478 monumentis
2155 2413 2493 2479 absurdas
2527 2413 2613 2479 de

304 2568 310 2573 -
350 2526 536 2592 fictis
569 2525 970 2591 numinibus
1005 2524 1273 2590 fabulas
1308 2525 1624 2590 sufficere
1665 2524 2052 2610 audebant3
2088 2524 2234 2611 ipse
2265 2528 2496 2590 autem
2527 2544 2615 2590 ex

347 2639 603 2705 mediis
638 2638 1035 2705 christianae
1080 2638 1240 2703 fidei
1283 2638 1667 2704 visceribus
1702 2657 1988 2723 operum
2036 2643 2448 2722 argumenta
2495 2658 2616 2724 pe-

349 2755 582 2821 tierat.
613 2756 785 2820 Dum
813 2772 978 2820 vero
1014 2753 1133 2819 Dei
1160 2753 1355 2838 quasi
1392 2754 1670 2819 nomine
1705 2753 1823 2819 ille
1855 2754 2210 2835 reclamat,
2247 2773 2385 2820 non
2407 2755 2612 2822 modo

351 2868 717 2952 religionis
769 2886 1050 2934 causam
1116 2867 1524 2933 Valkelinus
1577 2867 1752 2952 agit,
1800 2868 1921 2933 sed
1985 2868 2194 2934 etiam
2242 2869 2330 2935 ad
2380 2869 2613 2954 poesis

349 2982 762 3066 dignitatem
787 2981 1090 3069 respicit.
1126 2981 1280 3046 Non
1311 2980 1588 3064 quidem
1624 2981 1913 3047 deorum
1943 2982 2227 3047 nomina
2255 3001 2343 3048 ex
2373 2983 2622 3048 carmi-

350 3096 559 3163 nibus
624 3095 974 3183 depellere
1019 3093 1199 3180 vult3
1267 3093 1414 3181 ipse
1466 3096 1706 3159 contra
1767 3094 2041 3176 Phoebi,
2103 3095 2367 3176 MartiS,
2426 3096 2618 3162 Jovis

349 3208 694 3275 vocabula
727 3226 852 3292 per
896 3206 1373 3295 metaphoram
1402 3209 1728 3293 usurpat;
1771 3209 1844 3273 at
1876 3210 2117 3292 poetas
2161 3207 2500 3289 hortatur,
2542 3211 2616 3274 ut

349 3321 697 3408 paganica
729 3326 1140 3405 argumenta
1174 3325 1243 3387 et
1274 3321 1712 3387 heroicarum
1743 3326 2028 3387 aetatum
2059 3322 2328 3389 fabulas
2366 3342 2614 3411 perso-

351 3456 616 3521 nasque
643 3437 988 3502 deserant.
1026 3437 1178 3500 Jam
1209 3435 1279 3500 in
1311 3435 1636 3520 Epistulis
1656 3436 2065 3519 quibusdam
2094 3435 2328 3520 aliqua
2360 3436 2617 3503 indicia

350 3549 776 3635 deprehendi
823 3553 1135 3634 possunt,
1188 3548 1369 3614 unde
1420 3549 1923 3634 praenuntietur
1979 3549 2094 3615 hic
2129 3549 2479 3615 Valkelini
2528 3550 2616 3616 ad

354 3658 805 3726 christianam
848 3657 1111 3743 poesim
1164 3675 1509 3723 recursus.
1550 3657 1745 3722 Multi
1789 3676 1956 3723 vero
2004 3658 2076 3723 in
2133 3660 2297 3723 Arte
2347 3659 2616 3747 poetica

355 3774 490 3842 loci
524 3776 707 3855 sunt,
742 3774 811 3838 in
852 3773 1126 3856 quibuS,
1166 3772 1329 3856 quid
1364 3773 1448 3839 de
1488 3772 1620 3838 hoc
1669 3773 1944 3855 sentiat,
1987 3773 2191 3859 plane
2240 3774 2606 3859 expromit.

356 3890 434 3954 In
456 3887 679 3973 primo
710 3887 887 3953 libro
923 3887 1143 3952 odiosi
1174 3886 1434 3970 aliquid
1467 3887 1635 3972 ipsis
1665 3888 1954 3954 deorum
1974 3888 2367 3954 nominibus
2387 3889 2614 3955 inesse

358 4004 691 4085 declarat,
725 4003 783 4070 si
815 4005 1037 4088 poetae
1066 4002 1323 4087 saepius
1353 4002 1438 4068 iis
1467 4004 1875 4069 abutantur:

542 4166 745 4232 Aussi
778 4165 939 4232 bien
967 4184 1054 4231 en
1083 4183 1162 4230 ce
1186 4167 1410 4251 temps
1443 4173 1596 4231 oul'r
1625 4164 1856 4253 parler
1887 4165 2009 4233 des
2035 4166 2244 4232 dieux

538 4280 639 4345 En
673 4298 804 4346 une
840 4279 1074 4364 poesie
1103 4282 1209 4345 est
1240 4282 1532 4345 souvent
1558 4280 1853 4364 odieux3

542 4394 673 4459 Des
709 4393 955 4458 siecles
981 4393 1081 4457 les
1111 4398 1382 4458 retours
1417 4399 1484 4458 et
1511 4393 1614 4458 les
1639 4393 1910 4459 saisons
1939 4392 2288 4478 changees

541 4508 847 4573 Souvent
880 4525 1043 4573 sous
1075 4505 1377 4572 d’autres
1409 4506 1555 4572 loix
1592 4510 1714 4573 ont
1735 4507 1838 4572 les
1866 4508 2095 4574 Muses
2124 4527 2444 4593 rangees.

364 4684 444 4748 In
480 4684 682 4749 tertio
740 4683 917 4748 libro
953 4686 1166 4767 optat,
1205 4688 1277 4749 ut
1320 4684 1580 4749 nullam
1627 4683 1951 4772 deinceps
1984 4685 2344 4751 materiem
2378 4685 2617 4752 Gallus
