3561 5729
1883 566 2248 636 -50-*

916 722 1264 810 praecepta
1305 718 1535 785 tradit.
1584 717 1948 785 Comoedia*
1970 716 2132 782 vitae
2172 716 2368 801 quasi
2417 717 2649 802 imago
2696 721 2801 786 est
2839 735 2854 787 ε
2912 739 3066 786 eam
3102 720 3174 787 in

915 838 1056 899 tres
1114 837 1343 919 partes
1390 836 1575 897 recte
1637 828 2014 908 distribuit,
2070 848 2360 913 quarum
2416 830 2641 915 prima
2701 851 2815 898 res
2862 834 3171 919 exponit,

914 948 1217 1015 secunda
1252 946 1582 1033 implicat,
1619 945 1823 1012 tertia
1843 944 2142 1034 expedit.
2174 946 2379 1011 Putat
2404 946 2671 1013 nullum
2701 947 2928 1013 adhuc
2961 948 3173 1015 fuisse

914 1065 983 1130 in
1044 1065 1269 1131 Gallia
1322 1083 1519 1148 opuS,
1587 1062 1694 1128 cui
1746 1063 1852 1128 vis
1899 1063 2164 1128 comica
2216 1061 2495 1129 inesset.
2567 1065 2787 1131 «Hoc
2834 1066 3172 1150 poematis

911 1197 1159 1262 genus,
1225 1176 1469 1261 inquit,
1530 1175 2008 1259 gratissimum
2074 1177 2305 1241 tamen
2375 1179 2479 1241 est
2541 1194 2622 1241 ac
2685 1176 3171 1261 dignissimum

913 1294 1095 1379 quod
1151 1292 1238 1358 ad
1279 1291 1640 1376 pristinam
1705 1291 1887 1375 apud
1934 1294 2205 1355 veteres
2251 1289 2526 1355 laudem
2568 1296 3026 1358 revocetur».
3081 1330 3169 1340 —

912 1407 1076 1472 Inde
1106 1406 1193 1471 ad
1230 1404 1643 1488 tragoediam
1678 1421 1946 1485 versuS,
1983 1409 2167 1468 recte
2204 1403 2404 1468 docet
2432 1402 2594 1487 quid
2645 1404 2733 1469 si't
2762 1404 2940 1470 inter
2969 1406 3176 1471 comi-

912 1540 1067 1588 cum
1109 1521 1589 1605 tragicumque
1622 1538 1796 1605 opus
1836 1518 2233 1601 discrimen,
2268 1518 2415 1586 sive
2450 1520 2536 1584 ad
2570 1539 2902 1604 personas
2954 1523 3174 1608 respi-

913 1638 1080 1719 ciaS,
1119 1636 1266 1702 sive
1292 1636 1375 1701 ad
1406 1654 1825 1717 sermonem,
1871 1635 2018 1699 sive
2053 1634 2141 1699 ad
2177 1633 2432 1701 fabulae
2467 1634 2769 1717 exitum;
2805 1635 3052 1701 deinde
3089 1637 3173 1702 de

914 1754 1125 1819 choro
1169 1756 1517 1842 praecepta
1563 1750 1797 1830 tradit,
1848 1749 2082 1834 qualia
2115 1749 2187 1816 in
2222 1750 2487 1816 Horatii
2535 1751 2622 1815 ad
2666 1750 2955 1818 Pisones
2992 1751 3176 1840 epis-

912 1868 1055 1935 tola
1086 1867 1552 1934 inveniuntur.
3148 1848 3151 1852 “

1000 1980 1199 2047 Brevi
1233 1999 1318 2045 ex
1349 1980 1480 2045 hoc
1508 1977 1917 2067 compendio
1955 1975 2281 2042 facillime
2309 1979 2596 2062 apparet
2625 1975 2850 2060 qualis
2884 1975 3090 2042 fuerit
3124 1994 3168 2041 a

913 2094 1176 2161 Sibileti
1235 2093 1663 2178 temporibus
1717 2091 2072 2157 Francicae
2127 2090 2358 2176 poesis
2402 2108 2790 2178 processus.
2848 2090 3173 2165 Quamvis

914 2208 1156 2275 Maroti
1213 2207 1593 2296 discipulus
1642 2206 1807 2273 olim
1868 2206 2074 2272 suerit
2114 2205 2550 2285 PelletariuS,
2614 2206 2805 2272 nulla
2871 2206 2941 2271 in
3009 2207 3170 2272 Arte

910 2322 1181 2407 poetica
1214 2321 1566 2386 Maroticae
1597 2320 1822 2385 aetatis
1860 2319 2154 2403 vestigia
2184 2318 2817 2404 deprehenduntur.
2851 2318 3166 2385 Priorum

911 2439 1144 2503 vatum
1181 2455 1449 2521 genera
1501 2435 1807 2501 funditus
1861 2435 2081 2514 reicit,
2137 2434 2719 2518 vehementerque
2756 2435 2902 2519 ipse
2942 2436 3172 2519 queri-

909 2554 1049 2629 tur,
1083 2550 1265 2635 quod
1316 2574 1347 2610 «
1384 2549 1650 2615 nullum
1688 2549 1901 2614 alium
1954 2566 2274 2633 campum
2321 2567 2443 2633 per
2493 2551 2595 2614 tot
2651 2547 2909 2615 saecula
2940 2549 3169 2634 poesis

912 2666 1150 2731 nostra
1201 2664 1328 2730 sibi
1378 2663 1779 2752 patefecerit
1819 2688 1875 2728 ».
1942 2664 2285 2738 Quantum
2344 2663 2431 2729 ad
2480 2663 2816 2747 linguam,
2873 2663 3173 2732 Pleiadis

912 2777 1224 2843 instituta
1287 2796 1501 2861 usque
1572 2779 1854 2843 servat:
1923 2776 2214 2842 miratur
2269 2794 2547 2861 «quam
2602 2777 2814 2860 longo
2861 2781 3172 2862 tempore

912 2891 1330 2957 domesticus
1360 2910 1589 2958 sermo
1625 2891 1697 2956 in
1721 2890 2050 2956 barbaria
2071 2890 2394 2974 jacuerit,
2426 2910 2582 2975 quae
2608 2909 2745 2957 non
2779 2891 2874 2957 ita
2903 2891 3166 2977 pridem

910 3008 998 3072 ab
1065 3005 1449 3089 aequalibus
1511 3004 1733 3093 poetis
1794 3024 1879 3069 ex
1939 3006 2174 3070 nostra
2232 3003 2598 3089 eloquendi
2665 3006 3162 3072 consuetudine

910 3116 1161 3203 expelli
1227 3121 1455 3202 coepta
1515 3118 1619 3182 est
1663 3140 1693 3176 »
1735 3116 1845 3203 (l).
1923 3115 2369 3199 Antiquitatis
2429 3118 2659 3182 autem
2720 3135 2932 3205 opera
2995 3118 3167 3184 adeo

911 3232 1303 3312 veneratur,
1360 3233 1432 3296 ut
1463 3250 1548 3296 ex
1584 3230 1669 3296 iis
1705 3230 2028 3318 exempla
2057 3249 2354 3315 semper,
2386 3234 2730 3315 praece-pta
2759 3231 3162 3317 plerumque

911 3347 1247 3430 arcessat;
1316 3343 1759 3410 Aristotelem
1818 3343 2096 3427 quidem
2144 3343 2447 3408 nondum
2497 3344 2709 3426 novit,
2754 3344 2875 3410 sed
2924 3345 3166 3411 Flacco

914 3458 1449 3524 familiarissime
1484 3458 1700 3524 utitur
1733 3462 1802 3523 et
1833 3457 1896 3522 ei
1933 3456 2079 3544 ipse
2110 3476 2262 3523 sese
2301 3457 2683 3540 regendum
2718 3458 2953 3541 utique
2991 3475 3168 3546 prae-

916 3573 1076 3637 bere
1093 3571 1290 3637 solet.
1327 3571 1430 3635 Ad
1457 3569 1798 3636 Ronsardi
1835 3569 2274 3653 Pleiadisque
2309 3568 2746 3654 disciplinam
2780 3573 2926 3635 tota
2956 3568 3171 3635 Pelle·

910 3683 1068 3749 tarii
1106 3685 1237 3749 Ars
1273 3682 1543 3768 poetica
1575 3681 1820 3748 referri
1859 3681 2088 3747 debet.

1003 3795 1402 3861 Ronsardus
1439 3793 1610 3879 ipse,
1663 3794 1858 3877 cujus
1912 3792 2210 3877 vestigia
2251 3793 2660 3859 Pelletarius
2705 3812 2976 3860 summa
3014 3794 3173 3860 dili-

910 3907 1149 3994 gentia
1212 3908 1670 3997 persequitur,
1755 3906 1942 3973 Artis
2006 3907 2300 3992 poeticae
2363 3907 2736 3993 epitomam
2819 3909 3168 3992 quandam

911 4025 1150 4090 decem
1206 4023 1362 4107 post
1410 4020 1610 4087 annis
1665 4020 2072 4108 composuit.
2122 4021 2268 4086 Hoc
2309 4037 2479 4087 vero
2524 4022 2933 4106 opusculum
2982 4022 3164 4087 intra

909 4142 1050 4206 tres
1085 4138 1294 4204 horas
1324 4155 1367 4202 a
1405 4139 1610 4222 poeta
1660 4135 2054 4202 absolutum
2099 4154 2252 4202 esse
2301 4139 2600 4222 constat3
2647 4140 2953 4203 ceterum
2996 4135 3165 4203 nihil

960 4427 1021 4485 (1)
1044 4426 1324 4472 «Combien
1350 4426 1411 4470 de
1442 4428 1603 4482 temps
1622 4425 1782 4477 (notre
1816 4424 2011 4478 langue)
2040 4435 2069 4469 a
2097 4423 2204 4468 este
2240 4424 2580 4477 languissente
2614 4436 2677 4469 en
2708 4423 2936 4470 barbarie
2960 4427 3168 4482 jusquos

906 4495 1114 4538 environ
1134 4496 1302 4536 nostre
1323 4502 1442 4545 ange
1462 4507 1486 4530 ιο
1504 4491 1609 4542 (lib.
1632 4491 1690 4544 11,
1716 4492 1779 4533 De
1798 4490 1929 4534 oda).
1950 4513 2004 4522 —
2019 4490 2089 4534 De
2111 4491 2292 4545 priscis
2314 4493 2477 4534 autem
2496 4490 2670 4534 mediae
2691 4491 2851 4534 aetatis
2873 4492 3164 4547 generibus:

906 4575 931 4599 α
957 4558 1196 4602 Combien
1235 4558 1512 4611 longtemps
1548 4567 1575 4599 a
1602 4554 1709 4599 este
1755 4555 2045 4611 sossstiquee
2080 4566 2141 4598 en
2181 4554 2421 4607 hellades,
2458 4555 2725 4610 rondeaux‚
2765 4556 2896 4610 lays,
2931 4556 3164 4612 virelays,

906 4625 1101 4670 trioiets
1116 4640 1141 4663 „
1163 4625 1332 4680 (ιω-4.).
