3561 5729
1312 674 1627 734 -71-

342 836 526 885 mam
562 816 776 885 fuisse
821 819 889 884 et
923 817 1352 903 pravissimis
1387 819 1830 904 opinionibus
1864 818 2195 886 imbutam
2231 821 2602 906 antiquita-

339 931 428 997 tis
467 932 663 997 sexto
687 929 955 996 decimo
985 931 1243 997 saeculo
1277 930 1614 997 notitiam.

431 1044 873 1111 Aristotelem
940 1063 1081 1111 non
1146 1044 1412 1111 cautius
1473 1045 1665 1130 sequi
1746 1045 2158 1113 Valkelinus
2229 1046 2600 1131 aliquando
2699 1028 2705 1037 ’

342 1158 639 1225 videtur.
700 1158 924 1224 Graeci
992 1158 1175 1224 enim
1232 1158 1624 1244 philosophi
1688 1159 2214 1244 periculossima
2273 1160 2591 1228 imitatio,

346 1274 517 1339 Eum
543 1290 682 1338 non
703 1271 1038 1361 suspicari
1066 1271 1256 1338 dicas
1286 1271 1493 1337 aliam
1526 1272 1755 1357 poesis
1777 1272 2071 1339 formam
2105 1273 2268 1339 oriri
2301 1294 2602 1360 unquam

344 1385 484 1453 alio
524 1386 942 1474 intempore
988 1385 1098 1451 vel
1148 1385 1361 1451 alium
1408 1386 1588 1470 apud
1643 1386 1973 1471 populum
2024 1404 2252 1474 posse,
2306 1406 2461 1471 quae
2515 1389 2601 1454 ad

344 1503 748 1568 Graecorum
813 1500 1171 1585 ingenium
1223 1519 1362 1566 non
1420 1501 1804 1568 rectissime
1858 1504 2153 1587 aptetur.
2207 1504 2603 1588 Exploratis

346 1614 882 1681 domesticorum
926 1633 1261 1699 generum
1311 1614 1551 1699 primis
1593 1615 1808 1680 initiis
1844 1634 1925 1681 ac
1969 1617 2600 1702 progressionibUS‚

347 1748 435 1796 ex
468 1729 597 1794 hac
629 1730 893 1794 Graecae
929 1727 1156 1815 poesis
1182 1728 1711 1811 diligentissima
1741 1730 2326 1813 pervestigatione
2363 1732 2608 1798 doctri-

348 1861 511 1909 nam
560 1842 888 1907 hauserat
943 1860 1024 1906 ac
1075 1841 1535 1930 disciplinam,
1602 1861 1809 1926 quam
1867 1843 1940 1908 in
1998 1845 2160 1911 Arte
2214 1846 2599 1933 profitetur.

348 1956 719 2023 Valkelino
752 1956 968 2040 igitur
1002 1973 1271 2022 summa
1309 1975 1476 2022 cura
1508 1957 1892 2023 cavendum
1920 1962 2092 2040 erat,
2121 1979 2233 2041 ne,
2265 1961 2603 2028 Aristote-

346 2071 435 2138 lis
464 2069 764 2154 vestigia
809 2069 866 2136 si
908 2072 1167 2136 temere
1200 2069 1705 2154 ingrederetur,
1736 2071 1940 2156 patrii
1969 2071 2228 2156 ingenii
2258 2076 2325 2139 et
2358 2073 2610 2141 indolis

349 2203 616 2252 meram
676 2185 999 2251 virtutem
1051 2186 1494 2271 opprimeret.
1558 2185 1826 2272 Saepius
1877 2188 2110 2253 tamen
2165 2188 2264 2269 fit,
2323 2190 2396 2254 ut
2449 2207 2609 2254 eum

347 2301 613 2383 majore
663 2298 890 2365 studio
952 2301 1301 2383 sequatur,
1356 2317 1572 2383 'quam
1634 2299 1919 2367 Gallicae
1971 2301 2157 2368 Artis
2201 2302 2606 2390 scriptorem

350 2412 699 2479 decuisset
737 2431 752 2481 :
788 2413 969 2497 quod
1005 2412 1281 2497 quidem
1311 2412 1442 2497 ipsi
1473 2398 1721 2479 Flacco
1747 2411 2081 2480 accidisse
2112 2433 2188 2480 su
2197 2432 2321 2499 pra
2357 2434 2610 2482 memo-

349 2527 682 2593 ravimus,
725 2528 828 2592 Ab
878 2526 1271 2609 Aristotele,
1312 2530 1386 2593 ut
1417 2528 1567 2610 jam
1603 2527 1862 2593 dictum
1899 2530 2027 2610 est,
2059 2525 2257 2616 prosi
2283 2527 2611 2616 poematis

350 2640 706 2706 notionem
750 2639 972 2724 ipsam
1017 2641 1392 2722 mutuatur,
1431 2639 1646 2706 Gallis
1684 2641 1959 2707 vatibus
2002 2639 2350 2707 insolitam
2384 2641 2610 2707 adhuc

353 2755 423 2818 et
457 2752 838 2817 inauditam
873 2768 888 2818 ε

532 2907 631 2971 Eu
661 2923 863 2993 prose
896 2908 971 2971 tu
1004 2924 1295 2991 pour-ras
1331 2905 1633 2991 poetiser
1662 2905 1876 2987 aussi,

531 3020 623 3085 Le
657 3019 879 3102 grand
920 3019 1321 3102 Stagiritain
1354 3023 1421 3085 te
1456 3019 1519 3085 le
1550 3021 1817 3103 permet
1848 3018 2051 3100 ainsi,
2090 3020 2219 3084 etc.
2257 3016 2364 3104 (1).

354 3183 500 3247 Hoc
552 3183 781 3247 autem
835 3180 1090 3247 nullius
1125 3199 1339 3270 prope
1381 3181 1761 3247 momenti:
1819 3181 1959 3246 alia
2014 3180 2228 3246 multo
2282 3181 2610 3267 gravio-ra

356 3298 560 3375 sunt3
602 3312 756 3360 cum
792 3294 976 3359 enim
1025 3294 1110 3359 de
1155 3294 1527 3378 generibus
1562 3293 1855 3377 singulis
1892 3292 2001 3380 (2),
2060 3293 2292 3377 qualia
2337 3293 2612 3360 fuerunt

355 3430 397 3476 a
455 3410 826 3476 Valkelino
878 3409 1246 3494 descripta,
1298 3410 1740 3490 disseremus,
1792 3428 1948 3474 eum
2007 3408 2447 3474 ostendemus
2500 3427 2612 3473 ar-

356 3522 568 3588 tiores
604 3521 938 3605 quasdam
980 3539 1022 3586 a
1058 3522 1301 3587 Graeco
1351 3520 1762 3606 philosopho
1810 3520 2004 3604 leges
2048 3519 2424 3608 accepisse,
2461 3519 2613 3603 qui-

357 3633 486 3700 bus
546 3635 738 3700 nulla
766 3653 955 3701 ,sane
999 3652 1209 3700 causa
1262 3637 1412 3700 erat
1458 3653 1581 3712 cur
1647 3633 1912 3719 poesim
1961 3636 2268 3700 nostram
2327 3634 2610 3718 subjun-
2707 3654 2721 3667 ·

356 3750 584 3833 geret.

445 3862 632 3928 Nihil
668 3880 834 3927 vero
875 3862 944 3927 in
981 3862 1111 3927 hoc
1146 3861 1396 3927 mirum
1436 3877 1450 3929 :
1504 3863 1818 3927 veterum
1865 3859 2048 3926 enim
2103 3878 2337 3945 opera,
2378 3878 2612 3926 exem-

358 3976 496 4061 pla,
536 3977 908 4063 praecepta,
948 3976 1138 4040 tanta
1172 3973 1627 4039 admiratione
1661 3976 1730 4039 et
1764 3972 2204 4039 observantia
2239 3989 2611 4057 proseque-

359 4091 561 4156 batur
622 4088 951 4173 quidquid
1016 4089 1086 4153 in
1160 4088 1447 4154 Francia
1527 4087 1968 4173 prudentium
2048 4086 2273 4152 virum
2349 4085 2613 4151 litteras

360 4221 729 4287 musasque
765 4203 1073 4282 curabat,
1106 4204 1182 4268 ut
1210 4203 1295 4268 ad
1328 4221 1566 4268 eorum
1597 4205 1838 4268 nutum
1865 4206 1934 4267 et
1963 4200 2319 4267 arbitrium
2347 4200 2611 4284 poesim

356 4323 664 4385 nostram
707 4318 978 4383 flectere
1020 4327 1081 4382 et
1106 4317 1371 4401 fingere
1406 4334 1647 4382 omnes
1680 4318 2030 4401 cuperent.
2076 4316 2336 4398 Itaque,
2375 4332 2613 4398 quam-

357 4433 465 4499 vis
526 4433 598 4498 in
648 4451 890 4518 parum
949 4435 1221 4498 cautam
1275 4431 1725 4498 imitationem
1778 4430 2149 4514 aliquando
2207 4428 2615 4495 Valkelinus

415 4643 478 4699 (ι)
504 4644 792 4698 Ibid.,ib1·d.

415 4722 479 4778 (2)
504 4723 623 4778 cap.
646 4722 709 4766 11.
