<?xml version="1.0" encoding="UTF-8"?>
<!DOCTYPE html PUBLIC "-//W3C//DTD XHTML 1.0 Transitional//EN"
    "http://www.w3.org/TR/xhtml1/DTD/xhtml1-transitional.dtd">
<html xmlns="http://www.w3.org/1999/xhtml" xml:lang="en" lang="en">
 <head>
  <title>
</title>
<meta http-equiv="Content-Type" content="text/html;charset=utf-8" />
  <meta name='ocr-system' content='tesseract 3.04.00' />
  <meta name='ocr-capabilities' content='ocr_page ocr_carea ocr_par ocr_line ocrx_word'/>
</head>
<body>
  <div class='ocr_page' id='page_1' title='image "./desextidecimisa00pellgoog_0028.png"; bbox 0 0 3561 5729; ppageno 0'>
   <div class='ocr_carea' id='block_1_1' title="bbox 1883 655 2204 718">
    <p class='ocr_par' dir='ltr' id='par_1_1' title="bbox 1883 655 2204 718">
     <span class='ocr_line' id='line_1_1' title="bbox 1883 655 2204 718; baseline 0 -18"><span class='ocrx_word' id='word_1_1' title='bbox 1883 655 2204 718; x_wconf 78' lang='lat'>...24-</span> 
     </span>
    </p>
   </div>
   <div class='ocr_carea' id='block_1_2' title="bbox 922 796 3204 4404">
    <p class='ocr_par' dir='ltr' id='par_1_2' title="bbox 922 796 3185 2357">
     <span class='ocr_line' id='line_1_2' title="bbox 924 796 3169 883; baseline 0 -19"><span class='ocrx_word' id='word_1_2' title='bbox 924 797 1267 883; x_wconf 92' lang='lat' dir='ltr'>quomodo</span> <span class='ocrx_word' id='word_1_3' title='bbox 1295 798 1442 881; x_wconf 89' lang='lat' dir='ltr'>ejus</span> <span class='ocrx_word' id='word_1_4' title='bbox 1473 798 1628 877; x_wconf 87' lang='lat' dir='ltr'>Ars,</span> <span class='ocrx_word' id='word_1_5' title='bbox 1665 796 1798 861; x_wconf 91' lang='lat' dir='ltr'>hoc</span> <span class='ocrx_word' id='word_1_6' title='bbox 1829 798 2140 880; x_wconf 90' lang='lat' dir='ltr'>tempore</span> <span class='ocrx_word' id='word_1_7' title='bbox 2175 797 2383 879; x_wconf 86' lang='lat' dir='ltr'>edita,</span> <span class='ocrx_word' id='word_1_8' title='bbox 2418 816 2551 882; x_wconf 91' lang='lat' dir='ltr'>quo</span> <span class='ocrx_word' id='word_1_9' title='bbox 2567 800 2713 882; x_wconf 88' lang='lat' dir='ltr'>jam</span> <span class='ocrx_word' id='word_1_10' title='bbox 2750 799 2977 883; x_wconf 90' lang='lat' dir='ltr'>poesis</span> <span class='ocrx_word' id='word_1_11' title='bbox 3009 818 3169 865; x_wconf 83' lang='lat' dir='ltr'>nos-</span> 
     </span>
     <span class='ocr_line' id='line_1_3' title="bbox 923 909 3167 997; baseline 0 -19"><span class='ocrx_word' id='word_1_12' title='bbox 923 915 1032 980; x_wconf 87' lang='lat' dir='ltr'>tra</span> <span class='ocrx_word' id='word_1_13' title='bbox 1071 912 1157 977; x_wconf 88' lang='lat' dir='ltr'>ad</span> <span class='ocrx_word' id='word_1_14' title='bbox 1205 913 1514 977; x_wconf 90' lang='lat' dir='ltr'>veterum</span> <span class='ocrx_word' id='word_1_15' title='bbox 1571 909 2025 976; x_wconf 88' lang='lat' dir='ltr'>imitationem</span> <span class='ocrx_word' id='word_1_16' title='bbox 2077 929 2228 977; x_wconf 90' lang='lat' dir='ltr'>sese</span> <span class='ocrx_word' id='word_1_17' title='bbox 2280 913 2544 995; x_wconf 85' lang='lat' dir='ltr'>fingere</span> <span class='ocrx_word' id='word_1_18' title='bbox 2603 912 2864 997; x_wconf 87' lang='lat' dir='ltr'>incipit.</span> <span class='ocrx_word' id='word_1_19' title='bbox 2915 912 3167 979; x_wconf 88' lang='lat' dir='ltr'>Cretini</span> 
     </span>
     <span class='ocr_line' id='line_1_4' title="bbox 922 1025 3172 1115; baseline -0.001 -21"><span class='ocrx_word' id='word_1_20' title='bbox 922 1030 1155 1094; x_wconf 89' lang='lat' dir='ltr'>tamen</span> <span class='ocrx_word' id='word_1_21' title='bbox 1180 1026 1621 1111; x_wconf 82' lang='lat' dir='ltr'>Molinetique</span> <span class='ocrx_word' id='word_1_22' title='bbox 1647 1025 1874 1108; x_wconf 89' lang='lat' dir='ltr'>magis</span> <span class='ocrx_word' id='word_1_23' title='bbox 1890 1043 2093 1108; x_wconf 89' lang='lat' dir='ltr'>quam</span> <span class='ocrx_word' id='word_1_24' title='bbox 2121 1026 2579 1092; x_wconf 89' lang='lat' dir='ltr'>recentiorum</span> <span class='ocrx_word' id='word_1_25' title='bbox 2613 1030 2847 1093; x_wconf 85' lang='lat' dir='ltr'>vatum</span> <span class='ocrx_word' id='word_1_26' title='bbox 2868 1027 3172 1115; x_wconf 82' lang='lat' dir='ltr'>discipli-</span> 
     </span>
     <span class='ocr_line' id='line_1_5' title="bbox 922 1139 3171 1227; baseline 0 -21"><span class='ocrx_word' id='word_1_27' title='bbox 922 1158 1084 1206; x_wconf 85' lang='lat' dir='ltr'>nam</span> <span class='ocrx_word' id='word_1_28' title='bbox 1096 1139 1410 1205; x_wconf 83' lang='lat' dir='ltr'>redolere</span> <span class='ocrx_word' id='word_1_29' title='bbox 1421 1139 1758 1204; x_wconf 88' lang='lat' dir='ltr'>videatur.</span> <span class='ocrx_word' id='word_1_30' title='bbox 1779 1141 1994 1205; x_wconf 92' lang='lat' dir='ltr'>Immo</span> <span class='ocrx_word' id='word_1_31' title='bbox 2007 1139 2386 1227; x_wconf 82' lang='lat' dir='ltr'>puerilibus</span> <span class='ocrx_word' id='word_1_32' title='bbox 2403 1140 2601 1205; x_wconf 82' lang='lat' dir='ltr'>Fabri</span> <span class='ocrx_word' id='word_1_33' title='bbox 2620 1140 2895 1226; x_wconf 87' lang='lat' dir='ltr'>ineptiis</span> <span class='ocrx_word' id='word_1_34' title='bbox 2911 1140 3171 1225; x_wconf 88' lang='lat' dir='ltr'>aliquid</span> 
     </span>
     <span class='ocr_line' id='line_1_6' title="bbox 927 1253 3170 1341; baseline 0 -22"><span class='ocrx_word' id='word_1_35' title='bbox 927 1255 1135 1320; x_wconf 89' lang='lat' dir='ltr'>etiam</span> <span class='ocrx_word' id='word_1_36' title='bbox 1181 1253 1526 1338; x_wconf 89' lang='lat' dir='ltr'>spinosius</span> <span class='ocrx_word' id='word_1_37' title='bbox 1573 1253 1887 1320; x_wconf 80' lang='lat' dir='ltr'>adstruit.</span> <span class='ocrx_word' id='word_1_38' title='bbox 1941 1255 2112 1321; x_wconf 88' lang='lat' dir='ltr'>Eum</span> <span class='ocrx_word' id='word_1_39' title='bbox 2162 1254 2422 1321; x_wconf 88' lang='lat' dir='ltr'>scilicet</span> <span class='ocrx_word' id='word_1_40' title='bbox 2472 1255 2938 1341; x_wconf 83' lang='lat' dir='ltr'>reprehendit,</span> <span class='ocrx_word' id='word_1_41' title='bbox 2991 1254 3170 1339; x_wconf 89' lang='lat' dir='ltr'>quod</span> 
     </span>
     <span class='ocr_line' id='line_1_7' title="bbox 928 1364 3175 1455; baseline 0 -22"><span class='ocrx_word' id='word_1_42' title='bbox 928 1364 1278 1434; x_wconf 77' lang='lat' dir='ltr'>leoninum</span> <span class='ocrx_word' id='word_1_43' title='bbox 1323 1367 1598 1454; x_wconf 89' lang='lat' dir='ltr'>proprie</span> <span class='ocrx_word' id='word_1_44' title='bbox 1654 1364 2055 1455; x_wconf 74' lang='lat' dir='ltr'>rhythmum</span> <span class='ocrx_word' id='word_1_45' title='bbox 2104 1370 2462 1453; x_wconf 83' lang='lat' dir='ltr'>tantopere</span> <span class='ocrx_word' id='word_1_46' title='bbox 2516 1368 2702 1451; x_wconf 88' lang='lat' dir='ltr'>colit,</span> <span class='ocrx_word' id='word_1_47' title='bbox 2755 1370 3175 1452; x_wconf 86' lang='lat' dir='ltr'>testaturque</span> 
     </span>
     <span class='ocr_line' id='line_1_8' title="bbox 923 1478 3179 1569; baseline 0.001 -22"><span class='ocrx_word' id='word_1_48' title='bbox 923 1481 1176 1547; x_wconf 91' lang='lat' dir='ltr'>multos</span> <span class='ocrx_word' id='word_1_49' title='bbox 1241 1498 1393 1547; x_wconf 89' lang='lat' dir='ltr'>esse</span> <span class='ocrx_word' id='word_1_50' title='bbox 1443 1480 1821 1547; x_wconf 89' lang='lat' dir='ltr'>nobiliores</span> <span class='ocrx_word' id='word_1_51' title='bbox 1883 1481 2442 1565; x_wconf 84' lang='lat' dir='ltr'>difficilioresque</span> <span class='ocrx_word' id='word_1_52' title='bbox 2499 1500 2766 1564; x_wconf 82' lang='lat' dir='ltr'>versuS‚</span> <span class='ocrx_word' id='word_1_53' title='bbox 2829 1478 3179 1569; x_wconf 72' lang='lat' dir='ltr'>ambiquos</span> 
     </span>
     <span class='ocr_line' id='line_1_9' title="bbox 928 1592 3180 1683; baseline 0.001 -25"><span class='ocrx_word' id='word_1_54' title='bbox 928 1594 1272 1675; x_wconf 89' lang='lat' dir='ltr'>videlicet,</span> <span class='ocrx_word' id='word_1_55' title='bbox 1319 1595 1699 1673; x_wconf 73' lang='lat' dir='ltr'>coronatos,</span> <span class='ocrx_word' id='word_1_56' title='bbox 1740 1592 2206 1682; x_wconf 71' lang='lat' dir='ltr'>retroqrados,</span> <span class='ocrx_word' id='word_1_57' title='bbox 2245 1596 2439 1679; x_wconf 85' lang='lat' dir='ltr'>quasi</span> <span class='ocrx_word' id='word_1_58' title='bbox 2488 1614 2569 1662; x_wconf 92' lang='lat' dir='ltr'>eo</span> <span class='ocrx_word' id='word_1_59' title='bbox 2604 1596 2901 1662; x_wconf 89' lang='lat' dir='ltr'>nobilior</span> <span class='ocrx_word' id='word_1_60' title='bbox 2939 1593 3180 1683; x_wconf 67' lang='lat' dir='ltr'>rhyth-</span> 
     </span>
     <span class='ocr_line' id='line_1_10' title="bbox 928 1707 3181 1798; baseline 0 -25"><span class='ocrx_word' id='word_1_61' title='bbox 928 1724 1084 1775; x_wconf 74' lang='lat' dir='ltr'>mus</span> <span class='ocrx_word' id='word_1_62' title='bbox 1116 1711 1321 1787; x_wconf 89' lang='lat' dir='ltr'>esset,</span> <span class='ocrx_word' id='word_1_63' title='bbox 1361 1726 1494 1791; x_wconf 93' lang='lat' dir='ltr'>quo</span> <span class='ocrx_word' id='word_1_64' title='bbox 1525 1707 1751 1792; x_wconf 90' lang='lat' dir='ltr'>magis</span> <span class='ocrx_word' id='word_1_65' title='bbox 1786 1707 2041 1774; x_wconf 87' lang='lat' dir='ltr'>arduus</span> <span class='ocrx_word' id='word_1_66' title='bbox 2069 1707 2175 1796; x_wconf 94' lang='lat' dir='ltr'>(l).</span> <span class='ocrx_word' id='word_1_67' title='bbox 2216 1709 2371 1775; x_wconf 88' lang='lat' dir='ltr'>Alia</span> <span class='ocrx_word' id='word_1_68' title='bbox 2403 1707 2880 1798; x_wconf 70' lang='lat' dir='ltr'>rhythmorum</span> <span class='ocrx_word' id='word_1_69' title='bbox 2919 1726 3181 1792; x_wconf 89' lang='lat' dir='ltr'>genera</span> 
     </span>
     <span class='ocr_line' id='line_1_11' title="bbox 932 1821 3181 1907; baseline 0 -21"><span class='ocrx_word' id='word_1_70' title='bbox 932 1821 1170 1887; x_wconf 89' lang='lat' dir='ltr'>definit</span> <span class='ocrx_word' id='word_1_71' title='bbox 1203 1822 1798 1907; x_wconf 84' lang='lat' dir='ltr'>commendatque,</span> <span class='ocrx_word' id='word_1_72' title='bbox 1833 1841 1989 1907; x_wconf 86' lang='lat' dir='ltr'>quae</span> <span class='ocrx_word' id='word_1_73' title='bbox 2018 1823 2240 1889; x_wconf 87' lang='lat' dir='ltr'>Faber</span> <span class='ocrx_word' id='word_1_74' title='bbox 2267 1824 2416 1907; x_wconf 92' lang='lat' dir='ltr'>ipse</span> <span class='ocrx_word' id='word_1_75' title='bbox 2452 1823 2777 1890; x_wconf 87' lang='lat' dir='ltr'>omiserat</span> <span class='ocrx_word' id='word_1_76' title='bbox 2819 1838 2834 1889; x_wconf 87' lang='lat'><strong>:</strong></span> <span class='ocrx_word' id='word_1_77' title='bbox 2881 1823 3181 1890; x_wconf 71' lang='lat' dir='ltr'>concate-</span> 
     </span>
     <span class='ocr_line' id='line_1_12' title="bbox 931 1931 3174 2024; baseline 0.002 -26"><span class='ocrx_word' id='word_1_78' title='bbox 931 1933 1255 2011; x_wconf 72' lang='lat' dir='ltr'>natorum</span> <span class='ocrx_word' id='word_1_79' title='bbox 1281 1985 1298 2015; x_wconf 91' lang='lat'>‚</span> <span class='ocrx_word' id='word_1_80' title='bbox 1361 1931 1843 2020; x_wconf 73' lang='lat' dir='ltr'>fraternorum</span> <span class='ocrx_word' id='word_1_81' title='bbox 1863 1986 1883 2017; x_wconf 86' lang='lat'><strong><em>,</em></strong></span> <span class='ocrx_word' id='word_1_82' title='bbox 1955 1932 2558 2023; x_wconf 78' lang='lat' dir='ltr'>imperatoriorum</span> <span class='ocrx_word' id='word_1_83' title='bbox 2578 1986 2595 2015; x_wconf 90' lang='lat'><strong><em>‚</em></strong></span> <span class='ocrx_word' id='word_1_84' title='bbox 2656 1933 3174 2024; x_wconf 76' lang='lat' dir='ltr'>reciprocarum.</span> 
     </span>
     <span class='ocr_line' id='line_1_13' title="bbox 933 2048 3184 2133; baseline 0 -20"><span class='ocrx_word' id='word_1_85' title='bbox 933 2048 1231 2113; x_wconf 89' lang='lat' dir='ltr'>Fabrum</span> <span class='ocrx_word' id='word_1_86' title='bbox 1285 2066 1410 2132; x_wconf 91' lang='lat' dir='ltr'>per</span> <span class='ocrx_word' id='word_1_87' title='bbox 1456 2048 1687 2114; x_wconf 87' lang='lat' dir='ltr'>omnia.</span> <span class='ocrx_word' id='word_1_88' title='bbox 1735 2049 1928 2133; x_wconf 88' lang='lat' dir='ltr'>sequi</span> <span class='ocrx_word' id='word_1_89' title='bbox 1983 2049 2157 2115; x_wconf 87' lang='lat' dir='ltr'>solet</span> <span class='ocrx_word' id='word_1_90' title='bbox 2224 2065 2238 2116; x_wconf 90' lang='lat'><strong>:</strong></span> <span class='ocrx_word' id='word_1_91' title='bbox 2298 2049 2430 2115; x_wconf 91' lang='lat' dir='ltr'>hoc</span> <span class='ocrx_word' id='word_1_92' title='bbox 2479 2050 2951 2116; x_wconf 89' lang='lat' dir='ltr'>tantummodo</span> <span class='ocrx_word' id='word_1_93' title='bbox 3004 2050 3184 2115; x_wconf 88' lang='lat' dir='ltr'>inter</span> 
     </span>
     <span class='ocr_line' id='line_1_14' title="bbox 933 2161 3185 2249; baseline 0 -22"><span class='ocrx_word' id='word_1_94' title='bbox 933 2162 1175 2227; x_wconf 90' lang='lat' dir='ltr'>ambos</span> <span class='ocrx_word' id='word_1_95' title='bbox 1216 2161 1522 2244; x_wconf 87' lang='lat' dir='ltr'>interest,</span> <span class='ocrx_word' id='word_1_96' title='bbox 1571 2161 1749 2247; x_wconf 92' lang='lat' dir='ltr'>quod</span> <span class='ocrx_word' id='word_1_97' title='bbox 1797 2162 2101 2229; x_wconf 86' lang='lat' dir='ltr'>Gratiani</span> <span class='ocrx_word' id='word_1_98' title='bbox 2150 2166 2281 2230; x_wconf 88' lang='lat' dir='ltr'>Ars</span> <span class='ocrx_word' id='word_1_99' title='bbox 2313 2163 2582 2249; x_wconf 88' lang='lat' dir='ltr'>poetica</span> <span class='ocrx_word' id='word_1_100' title='bbox 2628 2163 2838 2229; x_wconf 89' lang='lat' dir='ltr'>etiam</span> <span class='ocrx_word' id='word_1_101' title='bbox 2871 2162 3185 2247; x_wconf 84' lang='lat' dir='ltr'>argutior</span> 
     </span>
     <span class='ocr_line' id='line_1_15' title="bbox 935 2274 2315 2357; baseline 0.001 -17"><span class='ocrx_word' id='word_1_102' title='bbox 935 2276 1027 2357; x_wconf 89' lang='lat' dir='ltr'>et,</span> <span class='ocrx_word' id='word_1_103' title='bbox 1062 2277 1136 2340; x_wconf 89' lang='lat' dir='ltr'>ut</span> <span class='ocrx_word' id='word_1_104' title='bbox 1169 2274 1265 2340; x_wconf 87' lang='lat' dir='ltr'>ita</span> <span class='ocrx_word' id='word_1_105' title='bbox 1294 2274 1545 2356; x_wconf 88' lang='lat' dir='ltr'>dicam,</span> <span class='ocrx_word' id='word_1_106' title='bbox 1582 2274 1980 2342; x_wconf 89' lang='lat' dir='ltr'>insidiosior</span> <span class='ocrx_word' id='word_1_107' title='bbox 2012 2275 2315 2342; x_wconf 82' lang='lat' dir='ltr'>videtur.</span> 
     </span>
    </p>

    <p class='ocr_par' dir='ltr' id='par_1_3' title="bbox 936 2387 3199 3838">
     <span class='ocr_line' id='line_1_16' title="bbox 1025 2387 3183 2475; baseline 0 -22"><span class='ocrx_word' id='word_1_108' title='bbox 1025 2387 1422 2472; x_wconf 81' lang='lat' dir='ltr'>Saepissime</span> <span class='ocrx_word' id='word_1_109' title='bbox 1453 2389 1812 2454; x_wconf 89' lang='lat' dir='ltr'>Ronsardo</span> <span class='ocrx_word' id='word_1_110' title='bbox 1838 2390 2120 2473; x_wconf 77' lang='lat' dir='ltr'>eiusque</span> <span class='ocrx_word' id='word_1_111' title='bbox 2155 2388 2510 2475; x_wconf 85' lang='lat' dir='ltr'>discipulis</span> <span class='ocrx_word' id='word_1_112' title='bbox 2535 2390 3025 2474; x_wconf 81' lang='lat' dir='ltr'>exprobratum</span> <span class='ocrx_word' id='word_1_113' title='bbox 3055 2391 3183 2469; x_wconf 92' lang='lat' dir='ltr'>est,</span> 
     </span>
     <span class='ocr_line' id='line_1_17' title="bbox 937 2499 3187 2586; baseline 0.001 -21"><span class='ocrx_word' id='word_1_114' title='bbox 937 2500 1144 2584; x_wconf 91' lang='lat' dir='ltr'>quod,</span> <span class='ocrx_word' id='word_1_115' title='bbox 1182 2499 1628 2566; x_wconf 83' lang='lat' dir='ltr'>domesticam</span> <span class='ocrx_word' id='word_1_116' title='bbox 1663 2518 1912 2566; x_wconf 85' lang='lat' dir='ltr'>venam</span> <span class='ocrx_word' id='word_1_117' title='bbox 1952 2501 2105 2586; x_wconf 90' lang='lat' dir='ltr'>plus</span> <span class='ocrx_word' id='word_1_118' title='bbox 2147 2519 2348 2585; x_wconf 85' lang='lat' dir='ltr'>aequo</span> <span class='ocrx_word' id='word_1_119' title='bbox 2392 2502 2771 2586; x_wconf 84' lang='lat' dir='ltr'>dedignati,</span> <span class='ocrx_word' id='word_1_120' title='bbox 2818 2504 2999 2567; x_wconf 88' lang='lat' dir='ltr'>totos</span> <span class='ocrx_word' id='word_1_121' title='bbox 3034 2518 3187 2567; x_wconf 88' lang='lat' dir='ltr'>sese</span> 
     </span>
     <span class='ocr_line' id='line_1_18' title="bbox 936 2614 3188 2698; baseline 0.001 -19"><span class='ocrx_word' id='word_1_122' title='bbox 936 2614 1024 2679; x_wconf 91' lang='lat' dir='ltr'>ad</span> <span class='ocrx_word' id='word_1_123' title='bbox 1074 2614 1499 2698; x_wconf 80' lang='lat' dir='ltr'>antiquitatis</span> <span class='ocrx_word' id='word_1_124' title='bbox 1556 2615 2009 2682; x_wconf 89' lang='lat' dir='ltr'>imitationem</span> <span class='ocrx_word' id='word_1_125' title='bbox 2057 2618 2415 2684; x_wconf 85' lang='lat' dir='ltr'>flexerunt.</span> <span class='ocrx_word' id='word_1_126' title='bbox 2470 2618 2621 2684; x_wconf 92' lang='lat' dir='ltr'>Non</span> <span class='ocrx_word' id='word_1_127' title='bbox 2665 2620 2848 2683; x_wconf 89' lang='lat' dir='ltr'>certe</span> <span class='ocrx_word' id='word_1_128' title='bbox 2886 2616 3188 2684; x_wconf 88' lang='lat' dir='ltr'>dubitari</span> 
     </span>
     <span class='ocr_line' id='line_1_19' title="bbox 938 2729 3191 2818; baseline 0.001 -24"><span class='ocrx_word' id='word_1_129' title='bbox 938 2731 1185 2818; x_wconf 90' lang='lat' dir='ltr'>potest,</span> <span class='ocrx_word' id='word_1_130' title='bbox 1233 2729 1398 2813; x_wconf 91' lang='lat' dir='ltr'>quin</span> <span class='ocrx_word' id='word_1_131' title='bbox 1431 2730 1720 2796; x_wconf 91' lang='lat' dir='ltr'>nimium</span> <span class='ocrx_word' id='word_1_132' title='bbox 1764 2730 2060 2797; x_wconf 88' lang='lat' dir='ltr'>sollicita</span> <span class='ocrx_word' id='word_1_133' title='bbox 2087 2732 2294 2798; x_wconf 88' lang='lat' dir='ltr'>fuerit</span> <span class='ocrx_word' id='word_1_134' title='bbox 2336 2733 2468 2799; x_wconf 88' lang='lat' dir='ltr'>ista</span> <span class='ocrx_word' id='word_1_135' title='bbox 2503 2734 2901 2798; x_wconf 86' lang='lat' dir='ltr'>Graecorum</span> <span class='ocrx_word' id='word_1_136' title='bbox 2936 2732 3191 2797; x_wconf 87' lang='lat' dir='ltr'>Roma-</span> 
     </span>
     <span class='ocr_line' id='line_1_20' title="bbox 937 2844 3187 2935; baseline 0 -26"><span class='ocrx_word' id='word_1_137' title='bbox 937 2861 1319 2928; x_wconf 87' lang='lat' dir='ltr'>norumque</span> <span class='ocrx_word' id='word_1_138' title='bbox 1382 2844 1853 2929; x_wconf 81' lang='lat' dir='ltr'>observantia3</span> <span class='ocrx_word' id='word_1_139' title='bbox 1914 2845 2085 2912; x_wconf 90' lang='lat' dir='ltr'>nihil</span> <span class='ocrx_word' id='word_1_140' title='bbox 2154 2864 2319 2912; x_wconf 85' lang='lat' dir='ltr'>vero</span> <span class='ocrx_word' id='word_1_141' title='bbox 2400 2846 2671 2935; x_wconf 90' lang='lat' dir='ltr'>planius</span> <span class='ocrx_word' id='word_1_142' title='bbox 2737 2845 3187 2927; x_wconf 88' lang='lat' dir='ltr'>demonstrat,</span> 
     </span>
     <span class='ocr_line' id='line_1_21' title="bbox 939 2958 3189 3047; baseline 0.001 -25"><span class='ocrx_word' id='word_1_143' title='bbox 939 2962 1266 3042; x_wconf 88' lang='lat' dir='ltr'>quantum</span> <span class='ocrx_word' id='word_1_144' title='bbox 1315 2976 1487 3043; x_wconf 93' lang='lat' dir='ltr'>opus</span> <span class='ocrx_word' id='word_1_145' title='bbox 1538 2958 1757 3047; x_wconf 91' lang='lat' dir='ltr'>poetis</span> <span class='ocrx_word' id='word_1_146' title='bbox 1815 2960 2069 3026; x_wconf 90' lang='lat' dir='ltr'>nostris</span> <span class='ocrx_word' id='word_1_147' title='bbox 2116 2963 2299 3026; x_wconf 90' lang='lat' dir='ltr'>esset</span> <span class='ocrx_word' id='word_1_148' title='bbox 2342 2978 2595 3027; x_wconf 89' lang='lat' dir='ltr'>novam</span> <span class='ocrx_word' id='word_1_149' title='bbox 2643 2959 2945 3043; x_wconf 88' lang='lat' dir='ltr'>aliquam</span> <span class='ocrx_word' id='word_1_150' title='bbox 2993 2959 3189 3044; x_wconf 89' lang='lat' dir='ltr'>quasi</span> 
     </span>
     <span class='ocr_line' id='line_1_22' title="bbox 941 3071 3194 3159; baseline 0 -22"><span class='ocrx_word' id='word_1_151' title='bbox 941 3071 1315 3138; x_wconf 89' lang='lat' dir='ltr'>medullam</span> <span class='ocrx_word' id='word_1_152' title='bbox 1347 3091 1391 3137; x_wconf 89' lang='lat' dir='ltr'>a</span> <span class='ocrx_word' id='word_1_153' title='bbox 1422 3073 1771 3139; x_wconf 89' lang='lat' dir='ltr'>veteribus</span> <span class='ocrx_word' id='word_1_154' title='bbox 1802 3074 2105 3156; x_wconf 88' lang='lat' dir='ltr'>haurire,</span> <span class='ocrx_word' id='word_1_155' title='bbox 2142 3093 2347 3158; x_wconf 84' lang='lat' dir='ltr'>quam</span> <span class='ocrx_word' id='word_1_156' title='bbox 2381 3074 2665 3159; x_wconf 82' lang='lat' dir='ltr'>Gallicae</span> <span class='ocrx_word' id='word_1_157' title='bbox 2699 3073 2928 3158; x_wconf 92' lang='lat' dir='ltr'>poesis</span> <span class='ocrx_word' id='word_1_158' title='bbox 2958 3073 3194 3157; x_wconf 84' lang='lat' dir='ltr'>imago</span> 
     </span>
     <span class='ocr_line' id='line_1_23' title="bbox 940 3185 3194 3272; baseline -0 -21"><span class='ocrx_word' id='word_1_159' title='bbox 940 3185 1139 3252; x_wconf 91' lang='lat' dir='ltr'>nobis</span> <span class='ocrx_word' id='word_1_160' title='bbox 1177 3205 1220 3252; x_wconf 90' lang='lat' dir='ltr'>a</span> <span class='ocrx_word' id='word_1_161' title='bbox 1247 3187 1468 3252; x_wconf 90' lang='lat' dir='ltr'>Fabro</span> <span class='ocrx_word' id='word_1_162' title='bbox 1507 3186 1971 3272; x_wconf 87' lang='lat' dir='ltr'>Gratianoque</span> <span class='ocrx_word' id='word_1_163' title='bbox 2009 3188 2281 3254; x_wconf 88' lang='lat' dir='ltr'>tradita.</span> <span class='ocrx_word' id='word_1_164' title='bbox 2318 3188 2506 3254; x_wconf 87' lang='lat' dir='ltr'>Licet</span> <span class='ocrx_word' id='word_1_165' title='bbox 2535 3188 2812 3271; x_wconf 91' lang='lat' dir='ltr'>quidem</span> <span class='ocrx_word' id='word_1_166' title='bbox 2846 3185 3194 3251; x_wconf 82' lang='lat' dir='ltr'>infelicem</span> 
     </span>
     <span class='ocr_line' id='line_1_24' title="bbox 940 3297 3194 3385; baseline -0.001 -21"><span class='ocrx_word' id='word_1_167' title='bbox 940 3314 1127 3382; x_wconf 84' lang='lat' dir='ltr'>saepe</span> <span class='ocrx_word' id='word_1_168' title='bbox 1171 3297 1472 3363; x_wconf 87' lang='lat' dir='ltr'>Pleiadis</span> <span class='ocrx_word' id='word_1_169' title='bbox 1519 3298 1881 3364; x_wconf 88' lang='lat' dir='ltr'>audaciam</span> <span class='ocrx_word' id='word_1_170' title='bbox 1928 3300 2434 3385; x_wconf 87' lang='lat' dir='ltr'>reprehendere</span> <span class='ocrx_word' id='word_1_171' title='bbox 2482 3300 2591 3365; x_wconf 91' lang='lat' dir='ltr'>vel</span> <span class='ocrx_word' id='word_1_172' title='bbox 2637 3297 2963 3383; x_wconf 81' lang='lat' dir='ltr'>irridere3</span> <span class='ocrx_word' id='word_1_173' title='bbox 3021 3297 3194 3363; x_wconf 90' lang='lat' dir='ltr'>nihil</span> 
     </span>
     <span class='ocr_line' id='line_1_25' title="bbox 938 3412 3199 3498; baseline 0.001 -22"><span class='ocrx_word' id='word_1_174' title='bbox 938 3415 1171 3477; x_wconf 88' lang='lat' dir='ltr'>tamen</span> <span class='ocrx_word' id='word_1_175' title='bbox 1206 3430 1289 3476; x_wconf 91' lang='lat' dir='ltr'>ea</span> <span class='ocrx_word' id='word_1_176' title='bbox 1315 3412 1856 3496; x_wconf 88' lang='lat' dir='ltr'>tentavisse-jam</span> <span class='ocrx_word' id='word_1_177' title='bbox 1892 3413 2190 3495; x_wconf 84' lang='lat' dir='ltr'>videtur,</span> <span class='ocrx_word' id='word_1_178' title='bbox 2225 3414 2404 3498; x_wconf 91' lang='lat' dir='ltr'>quod</span> <span class='ocrx_word' id='word_1_179' title='bbox 2433 3432 2569 3479; x_wconf 91' lang='lat' dir='ltr'>non</span> <span class='ocrx_word' id='word_1_180' title='bbox 2599 3429 2931 3478; x_wconf 87' lang='lat' dir='ltr'>excusare</span> <span class='ocrx_word' id='word_1_181' title='bbox 2962 3414 3199 3496; x_wconf 88' lang='lat' dir='ltr'>posset</span> 
     </span>
     <span class='ocr_line' id='line_1_26' title="bbox 942 3524 3196 3615; baseline -0.001 -24"><span class='ocrx_word' id='word_1_182' title='bbox 942 3526 1250 3615; x_wconf 91' lang='lat' dir='ltr'>priorum</span> <span class='ocrx_word' id='word_1_183' title='bbox 1284 3530 1516 3592; x_wconf 86' lang='lat' dir='ltr'>vatum</span> <span class='ocrx_word' id='word_1_184' title='bbox 1569 3528 1804 3593; x_wconf 91' lang='lat' dir='ltr'>sterile</span> <span class='ocrx_word' id='word_1_185' title='bbox 1852 3546 1933 3594; x_wconf 92' lang='lat' dir='ltr'>ac</span> <span class='ocrx_word' id='word_1_186' title='bbox 1992 3528 2255 3613; x_wconf 89' lang='lat' dir='ltr'>puerile</span> <span class='ocrx_word' id='word_1_187' title='bbox 2303 3528 2695 3607; x_wconf 87' lang='lat' dir='ltr'>artificium,</span> <span class='ocrx_word' id='word_1_188' title='bbox 2753 3525 2810 3592; x_wconf 93' lang='lat' dir='ltr'>si</span> <span class='ocrx_word' id='word_1_189' title='bbox 2847 3543 3064 3608; x_wconf 90' lang='lat' dir='ltr'>usque</span> <span class='ocrx_word' id='word_1_190' title='bbox 3108 3524 3196 3589; x_wconf 91' lang='lat' dir='ltr'>ad</span> 
     </span>
     <span class='ocr_line' id='line_1_27' title="bbox 943 3638 3199 3727; baseline -0.001 -21"><span class='ocrx_word' id='word_1_191' title='bbox 943 3638 1241 3706; x_wconf 89' lang='lat' dir='ltr'>mediam</span> <span class='ocrx_word' id='word_1_192' title='bbox 1276 3640 1450 3705; x_wconf 88' lang='lat' dir='ltr'>sexti</span> <span class='ocrx_word' id='word_1_193' title='bbox 1491 3640 1737 3706; x_wconf 90' lang='lat' dir='ltr'>decimi</span> <span class='ocrx_word' id='word_1_194' title='bbox 1771 3641 2011 3707; x_wconf 87' lang='lat' dir='ltr'>saeculi</span> <span class='ocrx_word' id='word_1_195' title='bbox 2042 3644 2304 3727; x_wconf 89' lang='lat' dir='ltr'>partem</span> <span class='ocrx_word' id='word_1_196' title='bbox 2354 3642 2425 3707; x_wconf 90' lang='lat' dir='ltr'>in</span> <span class='ocrx_word' id='word_1_197' title='bbox 2469 3642 2712 3708; x_wconf 89' lang='lat' dir='ltr'>eodem</span> <span class='ocrx_word' id='word_1_198' title='bbox 2756 3641 2937 3705; x_wconf 87' lang='lat' dir='ltr'>statu</span> <span class='ocrx_word' id='word_1_199' title='bbox 2969 3638 3199 3724; x_wconf 89' lang='lat' dir='ltr'>poesis</span> 
     </span>
     <span class='ocr_line' id='line_1_28' title="bbox 946 3753 1722 3838; baseline 0.003 -20"><span class='ocrx_word' id='word_1_200' title='bbox 946 3755 1180 3819; x_wconf 90' lang='lat' dir='ltr'>nostra</span> <span class='ocrx_word' id='word_1_201' title='bbox 1209 3753 1722 3838; x_wconf 87' lang='lat' dir='ltr'>permansisset.</span> 
     </span>
    </p>

    <p class='ocr_par' dir='ltr' id='par_1_4' title="bbox 942 3864 3204 4404">
     <span class='ocr_line' id='line_1_29' title="bbox 1033 3864 3200 3955; baseline -0 -25"><span class='ocrx_word' id='word_1_202' title='bbox 1033 3864 1163 3930; x_wconf 90' lang='lat' dir='ltr'>Sed</span> <span class='ocrx_word' id='word_1_203' title='bbox 1210 3864 1539 3951; x_wconf 88' lang='lat' dir='ltr'>paulatim</span> <span class='ocrx_word' id='word_1_204' title='bbox 1594 3884 1676 3932; x_wconf 91' lang='lat' dir='ltr'>ea</span> <span class='ocrx_word' id='word_1_205' title='bbox 1720 3866 2033 3955; x_wconf 82' lang='lat' dir='ltr'>proficiet</span> <span class='ocrx_word' id='word_1_206' title='bbox 2078 3885 2120 3932; x_wconf 91' lang='lat' dir='ltr'>a</span> <span class='ocrx_word' id='word_1_207' title='bbox 2162 3866 2416 3932; x_wconf 89' lang='lat' dir='ltr'>Cretini</span> <span class='ocrx_word' id='word_1_208' title='bbox 2466 3867 2669 3932; x_wconf 86' lang='lat' dir='ltr'>aetate</span> <span class='ocrx_word' id='word_1_209' title='bbox 2704 3864 2945 3948; x_wconf 91' lang='lat' dir='ltr'>primis</span> <span class='ocrx_word' id='word_1_210' title='bbox 2999 3867 3200 3929; x_wconf 91' lang='lat' dir='ltr'>tenus</span> 
     </span>
     <span class='ocr_line' id='line_1_30' title="bbox 945 3979 3199 4066; baseline -0 -21"><span class='ocrx_word' id='word_1_211' title='bbox 945 3980 1390 4045; x_wconf 85' lang='lat' dir='ltr'>Ronsardicae</span> <span class='ocrx_word' id='word_1_212' title='bbox 1441 3980 1699 4047; x_wconf 90' lang='lat' dir='ltr'>scholae</span> <span class='ocrx_word' id='word_1_213' title='bbox 1745 3981 2057 4066; x_wconf 92' lang='lat' dir='ltr'>inceptis.</span> <span class='ocrx_word' id='word_1_214' title='bbox 2105 3984 2258 4047; x_wconf 88' lang='lat' dir='ltr'>Jam</span> <span class='ocrx_word' id='word_1_215' title='bbox 2296 3982 2474 4047; x_wconf 92' lang='lat' dir='ltr'>inter</span> <span class='ocrx_word' id='word_1_216' title='bbox 2512 3979 2712 4045; x_wconf 84' lang='lat' dir='ltr'>Fabri</span> <span class='ocrx_word' id='word_1_217' title='bbox 2755 3979 3199 4063; x_wconf 89' lang='lat' dir='ltr'>Gratianique</span> 
     </span>
     <span class='ocr_line' id='line_1_31' title="bbox 942 4092 3198 4183; baseline -0 -25"><span class='ocrx_word' id='word_1_218' title='bbox 942 4103 1253 4177; x_wconf 87' lang='lat' dir='ltr'>tempora</span> <span class='ocrx_word' id='word_1_219' title='bbox 1304 4093 1648 4182; x_wconf 85' lang='lat' dir='ltr'>profectus</span> <span class='ocrx_word' id='word_1_220' title='bbox 1702 4094 1983 4178; x_wconf 88' lang='lat' dir='ltr'>quidam</span> <span class='ocrx_word' id='word_1_221' title='bbox 2039 4094 2461 4183; x_wconf 89' lang='lat' dir='ltr'>deprehendi</span> <span class='ocrx_word' id='word_1_222' title='bbox 2514 4093 2822 4182; x_wconf 87' lang='lat' dir='ltr'>possunt.</span> <span class='ocrx_word' id='word_1_223' title='bbox 2872 4092 2949 4156; x_wconf 91' lang='lat' dir='ltr'>In</span> <span class='ocrx_word' id='word_1_224' title='bbox 2992 4092 3198 4175; x_wconf 89' lang='lat' dir='ltr'>hujus</span> 
     </span>
     <span class='ocr_line' id='line_1_32' title="bbox 947 4204 3201 4291; baseline -0.001 -20"><span class='ocrx_word' id='word_1_225' title='bbox 947 4208 1111 4272; x_wconf 89' lang='lat' dir='ltr'>Arte</span> <span class='ocrx_word' id='word_1_226' title='bbox 1141 4206 1374 4291; x_wconf 88' lang='lat' dir='ltr'>aliqua</span> <span class='ocrx_word' id='word_1_227' title='bbox 1418 4208 1616 4273; x_wconf 90' lang='lat' dir='ltr'>nobis</span> <span class='ocrx_word' id='word_1_228' title='bbox 1660 4209 2114 4274; x_wconf 87' lang='lat' dir='ltr'>obversantur</span> <span class='ocrx_word' id='word_1_229' title='bbox 2143 4207 2420 4288; x_wconf 90' lang='lat' dir='ltr'>indicia,</span> <span class='ocrx_word' id='word_1_230' title='bbox 2472 4224 2558 4272; x_wconf 84' lang='lat' dir='ltr'>ex</span> <span class='ocrx_word' id='word_1_231' title='bbox 2592 4204 2840 4288; x_wconf 90' lang='lat' dir='ltr'>quibus</span> <span class='ocrx_word' id='word_1_232' title='bbox 2883 4204 3201 4288; x_wconf 79' lang='lat' dir='ltr'>proxima</span> 
     </span>
     <span class='ocr_line' id='line_1_33' title="bbox 949 4314 3204 4404; baseline -0.001 -21"><span class='ocrx_word' id='word_1_233' title='bbox 949 4318 1390 4384; x_wconf 87' lang='lat' dir='ltr'>commutatio</span> <span class='ocrx_word' id='word_1_234' title='bbox 1421 4319 1859 4404; x_wconf 86' lang='lat' dir='ltr'>praesagitur.</span> <span class='ocrx_word' id='word_1_235' title='bbox 1902 4319 2055 4403; x_wconf 91' lang='lat' dir='ltr'>Ipse</span> <span class='ocrx_word' id='word_1_236' title='bbox 2086 4317 2455 4385; x_wconf 89' lang='lat' dir='ltr'>Gratianus</span> <span class='ocrx_word' id='word_1_237' title='bbox 2487 4314 2659 4381; x_wconf 88' lang='lat' dir='ltr'>nihil</span> <span class='ocrx_word' id='word_1_238' title='bbox 2694 4314 2853 4379; x_wconf 89' lang='lat' dir='ltr'>novi</span> <span class='ocrx_word' id='word_1_239' title='bbox 2888 4332 3028 4380; x_wconf 91' lang='lat' dir='ltr'>non</span> <span class='ocrx_word' id='word_1_240' title='bbox 3054 4332 3204 4381; x_wconf 89' lang='lat' dir='ltr'>res-</span> 
     </span>
    </p>
   </div>
   <div class='ocr_carea' id='block_1_3' title="bbox 951 4500 1289 4508">
    <p class='ocr_par' dir='ltr' id='par_1_5' title="bbox 951 4500 1289 4508">
     <span class='ocr_line' id='line_1_34' title="bbox 951 4500 1289 4508; baseline 0 0"><span class='ocrx_word' id='word_1_241' title='bbox 951 4500 1289 4508; x_wconf 95' lang='lat' dir='ltr'> </span> 
     </span>
    </p>
   </div>
   <div class='ocr_carea' id='block_1_4' title="bbox 951 4612 3208 4744">
    <p class='ocr_par' dir='ltr' id='par_1_6' title="bbox 951 4612 3208 4744">
     <span class='ocr_line' id='line_1_35' title="bbox 1001 4612 3208 4672; baseline -0.002 -12"><span class='ocrx_word' id='word_1_242' title='bbox 1001 4617 1062 4671; x_wconf 88' lang='lat'>(1)</span> <span class='ocrx_word' id='word_1_243' title='bbox 1081 4632 1105 4656; x_wconf 77' lang='grc' dir='ltr'>α</span> <span class='ocrx_word' id='word_1_244' title='bbox 1126 4616 1164 4661; x_wconf 91' lang='lat'>11</span> <span class='ocrx_word' id='word_1_245' title='bbox 1184 4627 1217 4672; x_wconf 78' lang='lat' dir='ltr'>y</span> <span class='ocrx_word' id='word_1_246' title='bbox 1240 4629 1266 4662; x_wconf 79' lang='lat' dir='ltr'>a</span> <span class='ocrx_word' id='word_1_247' title='bbox 1287 4617 1498 4662; x_wconf 80' lang='lat' dir='ltr'>mainctz</span> <span class='ocrx_word' id='word_1_248' title='bbox 1524 4620 1711 4664; x_wconf 73' lang='lat' dir='ltr'>nultres</span> <span class='ocrx_word' id='word_1_249' title='bbox 1732 4621 1913 4662; x_wconf 85' lang='lat' dir='ltr'>termes</span> <span class='ocrx_word' id='word_1_250' title='bbox 1934 4621 1983 4663; x_wconf 85' lang='lat' dir='ltr'>et</span> <span class='ocrx_word' id='word_1_251' title='bbox 2002 4618 2210 4662; x_wconf 84' lang='lat' dir='ltr'>rithmes</span> <span class='ocrx_word' id='word_1_252' title='bbox 2227 4616 2343 4672; x_wconf 86' lang='lat' dir='ltr'>plus</span> <span class='ocrx_word' id='word_1_253' title='bbox 2362 4614 2551 4666; x_wconf 79' lang='lat' dir='ltr'>nobleS.</span> <span class='ocrx_word' id='word_1_254' title='bbox 2573 4613 2801 4659; x_wconf 78' lang='lat' dir='ltr'>difficiles</span> <span class='ocrx_word' id='word_1_255' title='bbox 2823 4616 2872 4658; x_wconf 80' lang='lat' dir='ltr'>et</span> <span class='ocrx_word' id='word_1_256' title='bbox 2891 4612 3208 4671; x_wconf 63' lang='lat' dir='ltr'>superieures</span> 
     </span>
     <span class='ocr_line' id='line_1_36' title="bbox 951 4679 2714 4744; baseline -0.005 -14"><span class='ocrx_word' id='word_1_257' title='bbox 951 4681 979 4730; x_wconf 71' lang='grc' dir='ltr'><strong><em>ὸ</em></strong></span> <span class='ocrx_word' id='word_1_258' title='bbox 998 4682 1046 4726; x_wconf 77' lang='lat' dir='ltr'>la</span> <span class='ocrx_word' id='word_1_259' title='bbox 1066 4683 1195 4729; x_wconf 84' lang='lat' dir='ltr'>dicte</span> <span class='ocrx_word' id='word_1_260' title='bbox 1216 4682 1432 4740; x_wconf 65' lang='lat' dir='ltr'>leonine,</span> <span class='ocrx_word' id='word_1_261' title='bbox 1451 4694 1640 4729; x_wconf 78' lang='lat' dir='ltr'>comme</span> <span class='ocrx_word' id='word_1_262' title='bbox 1667 4685 2017 4744; x_wconf 77' lang='lat' dir='ltr'>equivocqueS,</span> <span class='ocrx_word' id='word_1_263' title='bbox 2040 4692 2296 4734; x_wconf 72' lang='lat' dir='ltr'>coroneeS,</span> <span class='ocrx_word' id='word_1_264' title='bbox 2316 4679 2668 4734; x_wconf 80' lang='lat' dir='ltr'>retrogradees.</span> <span class='ocrx_word' id='word_1_265' title='bbox 2688 4693 2714 4717; x_wconf 69' lang='lat' dir='ltr'>n</span> 
     </span>
    </p>
   </div>
  </div>
 </body>
</html>
