3561 5729
1913 658 2273 719 —116—

964 806 1324 890 quisquam
1349 806 1554 889 poeta
1586 807 1837 873 sumat.
1867 822 2025 887 quae
2053 804 2139 869 ad
2159 804 2603 871 christianam
2639 806 3050 889 religionem
3073 826 3210 873 non

961 919 1301 1004 pertineat
1336 934 1349 983 :

1046 1069 1282 1134 Pleust
1314 1086 1404 1133 au
1433 1066 1563 1133 ciel
1594 1086 1726 1150 que
1757 1068 1906 1132 tout
1935 1067 2094 1147 bon,
2126 1068 2274 1132 tout
2307 1067 2615 1133 chretien
2650 1072 2718 1134 et
2752 1072 2900 1135 tout
2934 1071 3118 1137 saint

1048 1183 1138 1248 Le
1165 1182 1491 1263 Francois
1524 1199 1611 1245 ne
1647 1181 1821 1265 prist
1845 1181 1999 1265 plus
2028 1180 2112 1245 de
2146 1182 2322 1264 sujet
2358 1182 2470 1265 qui
2499 1182 2635 1248 fust
2667 1182 2870 1249 seint!

1040 1298 1170 1362 Les
1202 1314 1422 1380 anges
1448 1296 1492 1361 a
1526 1295 1811 1375 miliers,
1844 1295 1947 1361 les
1985 1295 2176 1361 ames
2206 1295 2572 1362 eternelles

1047 1409 1584 1476 Descendroient
1608 1427 1783 1494 pour
1816 1416 1970 1475 oui‘r
1998 1427 2110 1474 ses
2141 1408 2484 1475 chansons
2511 1409 3002 1477 immortelles!

953 1559 1160 1625 Tertii
1193 1559 1490 1642 denique
1522 1557 1682 1623 libri
1718 1560 1881 1627 fine.
1919 1559 2320 1624 Graecorum
2359 1558 2694 1644 ipsorum,
2734 1560 2847 1644 qui
2876 1560 3208 1628 domesti-

953 1690 1069 1738 cas
1101 1672 1231 1758 ipsi
1277 1672 1546 1738 fabulas
1586 1671 2137 1748 celebraverunt,
2184 1673 2505 1757 exemplo
2560 1676 2629 1739 et
2675 1674 3082 1741 auctoritate
3131 1693 3210 1741 se

955 1803 1093 1850 non
1124 1784 1468 1851 immerito
1498 1787 1764 1850 tuetur:

1131 1934 1198 1999 Si
1230 1934 1331 1999 les
1369 1935 1582 1999 Grecs
1615 1950 1884 1999 comme
1913 1951 2086 1999 vous
2119 1932 2512 2000 Chrestiens
2542 1938 2819 2000 eussent
2852 1935 3083 2003 escrit.

1128 2046 1221 2112 Ils
1254 2048 1534 2112 eussent
1567 2044 1669 2111 les
1696 2046 1899 2111 hauts
1932 2044 2090 2111 faits
2120 2044 2366 2111 chante'
2396 2046 2481 2111 de
2515 2044 2993 2113 Jesus—Christ.

1131 2163 1492 2245 Doncques
1530 2162 1573 2226 a
1601 2161 1704 2227 les
1737 2160 2024 2226 chanter
2057 2178 2215 2227 ores
2233 2162 2307 2244 je
2337 2178 2511 2227 vous
2545 2162 2789 2228 invite.
2820 2212 2834 2227 .
2864 2213 2877 2227 .

949 2316 1102 2379 Jam
1136 2331 1301 2379 vero
1336 2315 1577 2398 poetas
1601 2312 1909 2396 aequales
1940 2312 2311 2401 compellat
2343 2312 2867 2401 praesertimque
2904 2312 3208 2379 amicum

951 2427 1338 2492 Portaeum:

1130 2576 1524 2659 DesporteS‚
1560 2591 1692 2657 que
1722 2575 1794 2637 ta
1826 2575 2020 2639 Muse
2045 2572 2089 2638 a
2112 2573 2279 2639 Dieu
2311 2574 2499 2639 toute
2533 2575 2820 2639 tournee

1130 2690 1232 2755 Ne
1268 2688 1402 2754 soit
1431 2687 1552 2753 des
1582 2706 1741 2753 vers
1771 2687 2103 2754 d’Amour
2132 2685 2511 2753 desormais
2547 2687 2978 2775 prophanee!

1039 2837 1544 2908 Hebdomadem
1593 2839 1983 2907 Bartassius
2007 2841 2180 2925 jam,
2215 2843 2290 2906 ut
2322 2858 2531 2926 supra
2565 2839 2822 2907 dictum
2853 2841 2981 2922 est,
3017 2858 3209 2907 com-

953 2959 1300 3042 posuerat,
1332 2955 1401 3019 in
1428 2973 1564 3038 qua
1588 2954 1707 3019 Dei
1744 2972 1959 3042 opera
1992 2972 2261 3020 summa
2287 2954 2670 3020 carminum
2693 2953 3210 3038 magnificentia

953 3070 1279 3136 celebrat.
1344 3070 1498 3134 Non
1561 3068 1778 3133 multo
1855 3071 2008 3152 post
2078 3068 2478 3134 Ronsardus
2557 3086 2805 3152 poema
2877 3065 2960 3134 de
3031 3067 3209 3156 Leqe

952 3181 1327 3263 incohavit,
1357 3182 1551 3264 cujus
1584 3179 1872 3263 triginta
1904 3181 2377 3246 tantummodo
2414 3198 2655 3247 versus
2699 3199 2915 3264 usque
2949 3180 3037 3245 ad
3081 3198 3208 3246 nos

952 3297 1438 3378 pervenerunt.
1474 3292 1844 3358 Valkelino
1875 3292 2111 3376 igitur,
2146 3293 2261 3376 qui
2293 3311 2621 3377 magnum
2658 3292 2968 3377 ejusdem
2994 3312 3210 3376 gene-

953 3407 1050 3473 ris
1099 3426 1272 3492 opus
1315 3407 1400 3472 de
1454 3406 1731 3472 Davidis
1787 3406 2120 3491 praeclare
2172 3407 2367 3472 factis
2410 3425 2608 3474 orsus
2659 3409 2832 3488 erat,
2886 3406 3205 3491 magistri

952 3519 1171 3605 ipsius
1194 3519 1587 3607 exemplum
1609 3537 1754 3603 prae
1780 3537 1855 3585 se
1882 3519 2060 3584 serre
2081 3518 2411 3585 licuisset.
2442 3520 2572 3585 Sed
2600 3519 2858 3586 nullam
2883 3521 2971 3586 ob
2997 3519 3209 3585 aliam

954 3652 1235 3699 causam
1274 3634 1674 3706 Ronsardus
1709 3632 1889 3698 sacri
1930 3632 2256 3698 carminis
2299 3637 2785 3716 argumentum
2830 3651 3211 3717 aggressus

955 3748 1127 3826 erat,
1165 3744 1299 3811 nisi
1347 3748 1422 3810 ut
1469 3763 1668 3832 paene
1721 3743 2198 3810 incredibilem
2250 3743 2483 3810 aemuli
2533 3745 2860 3811 Bartassii
2910 3744 3209 3829 gloriam

956 3859 1392 3942 obscuraret3
1430 3863 1522 3939 et,
1573 3857 1889 3941 quamvis
1932 3857 2357 3940 octogesimo
2392 3857 2693 3923 secundo
2747 3856 2987 3924 saeculi
3026 3875 3207 3923 anno

956 3970 1487 4036 christianorum
1562 3973 1958 4060 poematum
2032 3989 2282 4056 corpus
2354 3970 2725 4055 quoddam,
2793 3971 2903 4037 cui
2969 3970 3207 4037 titulus

955 4081 1170 4150 Musa
1204 4080 1614 4165 christiana,
1653 4102 1741 4149 ex
1774 4082 2327 4168 praeclarissimis
2366 4083 2740 4166 aequalium
2773 4087 3009 4150 vatum
3045 4101 3209 4168 ope-

956 4195 1147 4262 ribus
1182 4200 1581 4282 excerptum
1615 4201 1821 4278 esset,
1855 4196 2050 4281 quasi
2090 4197 2469 4282 prophanae
2502 4196 2812 4263 lasciviae
2853 4216 2992 4263 non
3026 4216 3201 4263 sem·

955 4328 1080 4399 per
1122 4329 1196 4378 se
1231 4311 1604 4377 indulsisse
1664 4311 1985 4378 catholici
2034 4316 2257 4399 poetae
2305 4311 2543 4377 testari
2592 4312 2998 4394 voluissent,
3044 4330 3208 4379 vere

955 4427 1189 4491 tamen
1250 4425 1384 4490 dici
1438 4427 1664 4510 potest
1717 4426 1806 4490 ad
1863 4442 2119 4508 graecae
2176 4424 2605 4507 antiquitatis
2670 4425 2863 4507 deos,
2928 4426 3207 4507 heroaS,

956 4538 1360 4623 fabulasque
1391 4539 1618 4624 potius
1645 4558 1849 4623 quam
1875 4539 1960 4604 ad
1991 4538 2437 4605 christianam
2459 4538 2897 4622 religionem,
2920 4539 3208 4624 lyricam

955 4651 1358 4736 epicamque
1391 4651 1579 4717 illius
1609 4651 1835 4717 aetatis
1865 4650 2128 4734 poesim
2161 4650 2531 4735 pertinere.
