3561 5729
1931 612 2249 676 -68-

961 763 1109 853 ipse
1144 761 1465 829 Sibiletus
1499 779 1622 846 pro
1650 760 2159 849 exemplaribus
2184 760 2591 826 habuerant.
2631 763 3001 846 Postquam
3033 780 3201 829 vero

957 876 1327 960 diligenter
1388 873 1901 960 perpendimus,
1958 890 2113 957 quae
2170 892 2258 939 ex
2330 874 2736 958 antiquitate
2794 875 3200 942 Valkelinus

957 992 1287 1073 hauserit,
1319 992 1468 1074 jam
1510 988 1673 1054 hinc
1723 986 1922 1054 nobis
1973 987 2476 1071 anquirendum
2519 990 2645 1069 est,
2685 1006 2823 1072 quo
2877 988 3081 1053 modo
3138 991 3208 1055 et

951 1107 1288 1189 quatenus
1346 1120 1502 1168 cum
1549 1101 1929 1167 domestica
1972 1099 2201 1184 poesis
2250 1100 2744 1167 consuetudine
2790 1100 3121 1185 quidquid
3162 1118 3206 1166 a

949 1219 1298 1283 veteribus
1327 1217 1497 1302 petit
1526 1216 1846 1282 conciliet
1883 1219 1950 1280 et
1982 1215 2478 1282 accommodet.

1042 1329 1217 1396 Illud
1279 1328 1575 1415 primum
1625 1328 2283 1409 animadvertemus,
2334 1326 2506 1392 nihil
2564 1326 2706 1393 sere
2759 1326 3204 1394 Valkelinum

946 1447 1033 1512 ab
1060 1446 1145 1512 iis
1173 1444 1496 1524 mutuari,
1530 1443 1713 1527 quod
1756 1461 1895 1508 non
1941 1442 2313 1527 aequalium
2343 1447 2729 1527 temporum
2752 1443 2947 1528 quasi
2975 1445 3205 1510 colore

950 1561 1258 1627 imbuere
1308 1560 1616 1639 conetur,
1673 1557 1821 1623 sive
1868 1556 2185 1639 subiciat,
2235 1558 2381 1621 sive
2439 1557 2816 1623 admisceat
2869 1557 3205 1643 exemplis

945 1679 1032 1743 ab
1092 1676 1373 1742 Horatio
1446 1676 1565 1740 aut
1623 1675 1710 1739 ab
1767 1672 2141 1739 Aristotele
2222 1673 2572 1738 arcessitis
2637 1691 2818 1738 nova
2882 1673 3202 1757 quaedam

894 1846 897 1850 .
944 1792 1262 1876 exempla
1296 1809 1383 1855 ex
1416 1788 1742 1874 praesenti
1767 1788 1931 1853 vitae
1968 1806 2159 1853 more
2192 1787 2298 1852 vel
2335 1806 2422 1852 ex
2458 1786 2698 1872 patriis
2739 1787 3201 1853 monumentis

945 1906 1171 1971 ducta.
1211 1903 1601 1988 Tragoediae
1639 1903 1707 1968 vi
1753 1922 1836 1968 ac
1889 1905 2135 1968 natura
2178 1901 2553 1968 secundum
2603 1901 3044 1969 Aristotelem
3081 1921 3203 1968 ex-

941 2019 1243 2105 planata,
1304 2017 1728 2103 tragicarum
1762 2035 2214 2102 personarum
2259 2017 2654 2083 nominibus
2699 2018 2786 2082 ab
2837 2034 2918 2082 eo
2963 2016 3199 2083 relatis

944 2131 1394 2197 Rodomontis
1424 2130 1572 2219 ipse
1619 2148 1872 2195 nomen
1903 2131 1971 2195 et
2001 2128 2394 2213 exemplum
2425 2116 2617 2194 addit
2664 2126 2792 2215 (l);
2843 2128 3006 2194 item
3042 2126 3197 2195 cum

939 2246 1152 2330 graeci
1190 2244 1582 2331 philosophi
1630 2245 1844 2311 verba
1880 2245 1966 2310 ad
2007 2244 2544 2310 dramaticorum
2589 2262 2876 2328 operum
2918 2262 3193 2311 cursum

941 2359 1301 2425 attinentia
1329 2359 1561 2431 refert.
1601 2358 1686 2424 de
1728 2359 2140 2442 quibusdam
2187 2357 2468 2424 Orlandi
2518 2355 2755 2424 furiosi
2798 2357 2970 2424 locis
3005 2376 3198 2424 men-

934 2473 1194 2540 tionem
1218 2472 1400 2538 facit.
1438 2472 1582 2538 Illis
1606 2472 1870 2537 Horitii
1905 2471 2219 2537 versibus
2245 2470 2619 2552 translatis,
2653 2470 2901 2555 quibus
2930 2470 3183 2537 latinus

939 2591 1143 2673 poeta
1206 2588 1400 2652 vates
1464 2585 1692 2674 operis
1763 2603 2106 2651 summam
2160 2587 2346 2650 recte
2425 2587 2719 2670 apteque
2773 2602 3184 2669 componere

926 2702 1148 2785 jubet,
1185 2699 1256 2765 in
1286 2699 1516 2766 locum
1550 2700 1698 2782 ejus
1746 2698 1948 2779 fabri,
1986 2696 2343 2763 AEmilium
2387 2697 2572 2763 circa
2600 2694 2842 2762 ludum
2877 2696 3194 2762 habitan-

940 2814 1029 2881 tis
1061 2814 1173 2902 (2),
1212 2812 1691 2880 Renaudinum
1731 2812 2103 2897 quendam,
2142 2811 2546 2897 diligentem
2592 2811 2954 2894 artificem,
2993 2809 3189 2877 suffi-

936 2929 1029 2995 cit
1058 2928 1164 3015 (3).
1218 2930 1434 3003 Quam
1487 2928 1785 3013 Virgilio
1830 2927 2177 3010 Varioque
2227 2927 2528 3008 veniam,
2571 2926 2848 2993 Caecilio
2899 2925 3063 2992 olim
3109 2945 3189 2992 ac

936 3042 1181 3108 Plauto
1237 3059 1661 3121 concessam,
1704 3040 1990 3107 Flaccus
2023 3039 2231 3106 tribui
2274 3039 2442 3105 velit
2484 3037 2593 3126 (4),
2635 3039 2994 3105 Ronsardo
3033 3041 3191 3105 Bai·-

934 3142 1184 3237 stoque,
1244 3157 1317 3219 ut
1367 3154 1715 3240 quondam
1770 3153 2067 3219 Thiardo
2110 3171 2192 3218 ac
2233 3152 2517 3234 Scaevae,
2586 3151 2980 3218 donandam
3040 3152 3184 3237 ipse

936 3272 1168 3334 censet
1197 3266 1278 3355 (5)
1320 3286 1335 3354 ;
1366 3287 1452 3334 ne
1490 3268 1724 3334 omnia
1752 3270 1899 3352 ejus
1941 3268 2125 3334 modi
2158 3247 2477 3351 exempla
2510 3266 2916 3351 singillatim
2950 3285 3184 3352 perse-

932 3403 1247 3469 quamur,
1282 3386 1525 3450 eadem
1551 3403 1826 3469 semper
1845 3403 1997 3450 esse
2037 3383 2211 3449 solet
2239 3383 2417 3449 Galli
2453 3383 2631 3449 vatis
2667 3401 2855 3466 cura,
2894 3384 2970 3448 ut
2997 3384 3184 3448 vete-

932 3516 1086 3564 rum
1139 3499 1496 3565 sententiis
1555 3518 1637 3565 ac
1684 3497 2051 3584 praeceptis
2106 3499 2513 3564 Francicum
2572 3497 2875 3582 aliquem
2924 3497 3178 3564 cultum

930 3611 1376 3696 habitumque
1418 3612 1680 3678 induat.

1022 3728 1152 3794 Sed
1196 3728 1566 3812 aliquando
1631 3729 1943 3793 veterum
1991 3726 2373 3792 imitatione
2414 3729 2655 3813 captus
2713 3746 2796 3793 ac
2831 3726 3176 3809 seductuS,

929 3841 1182 3907 furtiva
1214 3841 1448 3907 nescio
1491 3859 1627 3926 qua
1667 3841 1879 3907 animi
1917 3831 2376 3926 propensione
2427 3841 2838 3908 Valkelinus
2892 3840 3184 3930 impelli-

927 3959 1041 4022 tur
1068 3958 1143 4022 ut
1174 3954 1404 4044 poesis
1438 3958 1695 4021 nostrae
1728 3955 2090 4021 historiam
2129 3955 2215 4020 ad
2250 3957 2650 4021 Graecarum
2699 3955 3181 4021 Latinarumve

927 4070 1313 4136 litterarum
1348 4071 1536 4136 vices
1574 4088 1656 4135 ac
1697 4088 2110 4155 progressus
2145 4087 2509 4157 perperam
2544 4071 2753 4154 aptet.
2793 4069 2974 4136 Fieri
3010 4088 3180 4136 non-

925 4203 1277 4269 nunquam
1319 4184 1674 4251 fatendum
1729 4184 2010 4268 quidem
2059 4186 2188 4265 est,
2227 4186 2300 4250 ut
2340 4202 2554 4269 prope
2591 4185 2776 4252 idem
2813 4185 2903 4251 sit
2945 4184 3180 4251 utrim-

976 4371 1040 4426 (1)
1071 4372 1219 4417 valk.
1248 4372 1344 4415 Ars
1358 4374 1509 4425 poet„
1530 4369 1619 4414 111.

976 4450 1039 4504 (2)
1061 4451 1184 4495 Hor.
1209 4450 1305 4492 Ars
1320 4454 1470 4504 poet„
1490 4459 1539 4492 v.
1562 4447 1636 4493 32.

975 4526 1037 4580 (3)
1065 4527 1213 4572 Valk.
1238 4527 1332 4569 Art
1347 4531 1496 4581 poet„
1521 4525 1564 4569 1.

974 4606 1035 4658 (4)
1065 4606 1187 4649 Hor.
1213 4606 1309 4648 Ars
1324 4608 1476 4659 poet„
1498 4615 1549 4648 v.
1573 4603 1647 4647 54.

972 4685 1032 4737 (5)
1058 4685 1208 4729 Valk.
1233 4686 1328 4728 Ars
1342 4690 1492 4738 poet„
1514 4684 1557 4727 1.
