3561 5729
1313 636 1370 647 --
1438 602 1553 663 119
1592 638 1671 648 -

359 746 644 831 ingenia
667 746 904 813 valuit.
942 745 1209 812 Racinii
1236 743 1499 812 Esther
1520 746 1817 831 publicae
1844 764 2098 812 scaenae
2127 765 2268 812 non
2297 749 2622 814 mandata

366 866 500 948 est3
570 859 875 933 Athalioe
938 880 1103 928 vero
1163 862 1596 929 excellentiae
1653 862 2195 947 sublimitatique
2256 864 2622 932 admiratio

367 972 726 1039 hominum
765 972 988 1038 serius
1029 972 1405 1057 respondit.
1454 974 1548 1039 De
1594 973 1810 1058 epicis
1845 974 2277 1059 poematibus
2314 975 2481 1041 item
2523 976 2623 1044 uti

367 1087 451 1153 de
499 1085 886 1170 tragoediis,
942 1087 1097 1153 Non
1154 1086 1435 1183 defuere
1497 1087 1775 1172 quidem
1828 1092 2091 1173 poetae,
2137 1089 2247 1154 vel
2305 1088 2377 1153 in
2432 1091 2626 1155 XVII

368 1200 654 1278 saeculo,
718 1198 833 1283 qui
890 1200 1266 1267 christiana
1334 1205 1747 1284 argumenta
1807 1204 2214 1285 tractarent3
2266 1202 2412 1283 sed,
2479 1201 2625 1269 sive

367 1333 614 1399 parum
647 1313 930 1398 ingenio
966 1313 1012 1379 ii
1034 1314 1369 1396 valerent,
1408 1314 1555 1380 sive
1588 1314 1792 1399 hujus
1816 1315 2095 1398 generis
2124 1334 2338 1399 opera
2364 1315 2626 1382 nullam

367 1429 570 1513 apud,
604 1429 919 1513 legentes
972 1428 1271 1513 gratiam
1313 1428 2006 1510 haberent‚.taedium
2061 1430 2465 1514 plerumque
2517 1430 2626 1496 vel

367 1542 579 1608 etiam
613 1543 795 1608 risus
835 1541 1284 1608 christianum
1330 1562 1498 1628 epos
1545 1543 1792 1626 movit3
1829 1547 1919 1623 et,
1953 1545 2268 1628 quamvis
2297 1544 2367 1610 in
2403 1544 2624 1627 Italia,

371 1657 444 1722 111
475 1657 754 1741 Anglia‚
799 1657 1033 1724 multis
1066 1657 1386 1724 laudibus
1421 1658 1605 1723 idem
1643 1677 1867 1742 genus
1894 1661 2043 1743 jam
2079 1659 2444 1741 floruisset,
2478 1659 2633 1726 nul-

371 1771 519 1836 lum
553 1771 616 1837 ei
661 1770 733 1836 in
771 1771 1064 1838 Francia
1098 1771 1523 1839 domicilium
1563 1771 1837 1839 Bolaeus
1872 1773 2167 1857 relinqui
2210 1791 2455 1858 passus
2498 1777 2626 1854 est,

369 1883 765 1968 gallicoque
831 1887 1174 1951 Parnasso
1201 1936 1218 1962 ‚
1301 1904 1505 1969 quem
1569 1885 1969 1951 Ronsardus
2030 1886 2293 1952 cunctis
2359 1886 2630 1973 Olympi

369 1996 775 2063 numinibus
812 1997 1071 2063 dudum
1103 2002 1651 2078 consecraverat,
1692 1997 2023 2082 quidquid
2058 1998 2145 2063 ad
2181 1997 2629 2063 christianam

372 2111 792 2196 religionem
826 2113 1238 2198 pertinebat,
1275 2114 1348 2179 in
1380 2117 1790 2203 perpetuum
1826 2114 2139 2182 exclusit.

464 2449 712 2516 Omnia
724 2450 870 2532 jam
896 2448 1238 2533 persecuti
1274 2464 1536 2528 sumuS,
1570 2465 2022 2530 quaecumque
2049 2446 2493 2513 Valkelinum
2523 2446 2634 2511 vel

375 2585 419 2631 a
471 2565 856 2644 Ronsardo,
906 2563 1017 2629 vel
1071 2562 1327 2650 saepius
1379 2563 1465 2627 ab
1509 2562 1995 2628 audacioribus
2042 2560 2382 2627 Ronsardi
2430 2560 2638 2627 disci-

377 2676 559 2763 pulis
607 2677 972 2761 sejungere
1020 2674 1362 2740 videntur.
1412 2673 1543 2739 Sed
1588 2691 1724 2739 non
1773 2677 1879 2739 est
1920 2674 2231 2754 dubium,
2283 2673 2449 2757 quin
2485 2673 2637 2739 uni-

374 2809 581 2857 versa
614 2790 801 2856 Artis
839 2789 1131 2876 poeticae
1174 2788 1350 2854 ratio
1380 2806 1462 2854 ac
1505 2787 1871 2874 disciplina
1904 2806 1991 2852 ex
2034 2786 2250 2873 ipsius
2294 2787 2634 2853 Ronsardi

374 2905 745 2994 praeceptis
784 2904 1247 2989 institutisque
1283 2903 1580 2989 pendeat
1617 2920 1631 2970 :
1671 2903 1855 2987 quod
1898 2903 2176 2987 quidem
2222 2903 2390 2970 satis
2419 2922 2507 2969 ex
2547 2903 2635 2970 iis

374 3019 688 3103 apparet,
727 3036 883 3101 quae
909 3017 979 3082 in
1014 3017 1485 3102 superioribus
1517 3017 1857 3103 capitibus
1879 3017 2173 3083 disserta
2192 3020 2373 3084 sunt.
2405 3019 2637 3083 Pauca

371 3136 606 3198 tamen
665 3132 750 3198 de
808 3131 1156 3197 Valkelini
1214 3149 1533 3198 sermone
1589 3150 2053 3216 versuumque
2109 3131 2634 3219 pangendorum

374 3248 669 3314 artificio
700 3249 900 3314 nobis
933 3251 1092 3314 sunt
1126 3246 1464 3312 addenda.

465 3360 792 3436 Quamvis
844 3359 1080 3443 quinto
1140 3359 1413 3444 septimi
1471 3359 1719 3425 decimi
1767 3359 2007 3425 saeculi
2054 3377 2236 3425 anno
2280 3361 2412 3425 Ars
2450 3359 2637 3425 edita

377 3474 490 3555 sit,
541 3474 715 3540 nihil
756 3477 989 3539 tamen
1030 3493 1118 3539 ex
1161 3474 1539 3540 Malherbae
1583 3473 1949 3559 disciplina
1991 3473 2437 3540 arcessivisse
2471 3474 2638 3539 Val-

377 3589 655 3655 kelinus
688 3589 991 3674 videtur3
1031 3588 1182 3674 ipsa
1216 3588 1644 3674 praefationis
1673 3590 1911 3670 verba,
1940 3607 2097 3674 quae
2131 3607 2343 3675 supra
2371 3588 2637 3655 rettuli-

378 3720 556 3784 mus,
603 3701 771 3768 satis
823 3720 947 3790 per
994 3720 1069 3768 se
1116 3705 1528 3785 argumento
1572 3705 1752 3768 sunt.
1808 3702 1982 3768 Illud
2032 3720 2199 3768 vero
2248 3702 2496 3768 iterum
2553 3720 2634 3768 ac

378 3816 636 3901 saepius
660 3814 1147 3881 affirmandum
1178 3817 1304 3898 est,
1334 3814 2016 3902 ipsum‘Ronsardum
2037 3814 2416 3882 Malherbae
2450 3814 2634 3879 viam

380 3928 786 3996 ostendisse.
828 3929 1230 4012 Quanquam
1264 3929 1450 3994 enim
1484 3928 1878 4017 superiores
1908 3931 2147 4014 poetas
2182 3947 2450 3995 summa
2483 3948 2638 3994 con-

379 4041 755 4127 temptione
807 4042 921 4107 hic
981 4041 1420 4127 prosequitur
1475 4041 2013 4127 asperrimisque
2067 4042 2395 4108 conviciis
2447 4059 2634 4127 saepe

380 4161 607 4242 urget,
665 4157 1005 4223 Ronsardi
1059 4157 1436 4241 discipulus
1493 4157 1726 4242 utique
1785 4158 2023 4223 haberi
2078 4158 2303 4223 debet.
2358 4158 2523 4223 Haec
2570 4158 2632 4223 ei

378 4270 630 4355 gloria,
676 4287 833 4353 quae
885 4269 1054 4335 satis
1106 4288 1359 4353 magna
1411 4275 1539 4353 est,
1586 4271 1975 4352 tribuenda,
2028 4271 2207 4355 quod
2267 4271 2337 4336 in
2380 4270 2649 4355 gallica·

378 4385 597 4474 poesi,
635 4386 908 4470 qualem
944 4385 1171 4452 Pleias
1191 4387 1709 4468 informaverat,
1747 4387 2077 4472 quidquid
2114 4394 2377 4454 rectum
2408 4388 2638 4472 legiti-

382 4517 707 4584 mumque
757 4499 885 4584 ipsi
933 4499 1319 4582 videbatur,
1363 4499 1681 4585 prudenti
1721 4500 2091 4585 subtilique
2143 4499 2425 4584 ingenio
2459 4519 2640 4588 prae-

383 4613 590 4697 dituS,
627 4614 901 4698 selegit,
939 4616 1007 4680 et
1055 4617 1413 4700 poetarum
1452 4634 1701 4681 venam
1739 4614 2065 4682 liberiore
2098 4615 2387 4682 lascivia
2429 4613 2641 4681 inter-
