3561 5729
1246 678 1572 741 ..95-

291 824 357 891 in
388 822 888 891 consuetudine
920 821 1148 911 posita
1174 823 1394 888 erant.
1429 808 1754 888 Sibiletus
1777 819 2039 907 patrias
2067 820 2334 888 litteras
2361 839 2539 889 nun-

290 961 490 1027 quam
529 941 738 1008 altius
775 940 1025 1027 repetit
1048 958 1255 1025 quam
1289 958 1377 1007 ex
1411 941 1655 1024 quarto
1689 938 1959 1005 decimo
1992 939 2275 1006 saeculo.
2320 941 2539 1006 Immo

288 1058 533 1123 cuncta
561 1055 996 1140 superiorum
1018 1057 1254 1121 vatum
1289 1054 1621 1135 carmina,
1665 1057 1923 1139 praeter
1954 1072 2203 1141 poema
2234 1054 2321 1120 de
2360 1056 2544 1121 Rosa

288 1170 717 1258 inscriptum,
788 1169 1063 1256 penitus
1114 1169 1414 1252 ignorat.
1480 1168 1880 1234 Duodecimi
1928 1169 2248 1254 tertiique
2291 1169 2541 1236 decimi

287 1284 525 1352 saeculi
579 1284 864 1350 heroica
907 1284 1344 1351 commendat.
1394 1284 1672 1369 quidem
1725 1284 2160 1367 PelletariuS,
2192 1285 2314 1351 sed
2372 1285 2543 1352 nihil

286 1414 503 1482 prope
551 1395 786 1477 tradit,
820 1395 1002 1480 quod
1050 1396 1139 1461 ad
1194 1395 1350 1462 haec
1397 1396 1759 1481 pertineat.
1814 1397 2043 1463 Pleias
2092 1399 2349 1478 autem,
2389 1416 2547 1464 cum

285 1527 410 1595 pro
443 1508 664 1575 nihilo
699 1508 905 1574 ducat
945 1508 1277 1593 quidquid
1313 1527 1355 1574 a
1387 1527 1625 1591 graeca
1653 1513 1722 1576 et
1768 1510 1984 1576 latina
2016 1510 2207 1596 poesi
2239 1510 2546 1576 alienum

286 1627 414 1697 est,
470 1622 708 1689 omnia
773 1622 1024 1688 mediae
1093 1621 1322 1688 aetatis
1390 1640 1605 1707 opera
1672 1622 1931 1710 pariter
1993 1626 2378 1689 aversatur.
2444 1625 2546 1691 Ne

284 1738 589 1804 Bellaius
639 1737 917 1821 quidem
957 1736 1429 1825 excipiendus,
1479 1738 1740 1803 Verum
1780 1740 1886 1804 est
1928 1736 2124 1803 illum
2168 1737 2236 1804 in
2280 1735 2550 1824 Defen-

282 1848 477 1919 sione
515 1849 616 1917 sic
651 1852 926 1935 poetam
968 1848 1269 1916 hortari:
1318 1869 1353 1911 «
1390 1848 1847 1933 Choisis-moy
1891 1849 2262 1933 quelqu’un
2299 1850 2385 1915 de
2431 1868 2548 1917 ces

285 1965 516 2031 beaux
583 1964 790 2029 vieux
858 1980 1137 2030 romans
1201 1962 1503 2046 francois
1564 1981 1833 2029 comme
1891 1982 1984 2030 un
2042 1963 2390 2045 Lancelot,
2457 1982 2548 2030 un

284 2079 559 2145 Tristan
588 2095 677 2144 ou
706 2079 969 2157 autre8‚
1007 2080 1075 2143 et
1109 2076 1239 2143 sais
1268 2096 1356 2143 en
1389 2077 1728 2144 renaistre
1754 2096 1845 2144 au
1877 2078 2129 2144 monde
2166 2096 2299 2144 une
2332 2079 2552 2145 admi-

284 2193 483 2259 rable
544 2191 758 2257 Iliade
824 2209 914 2257 ou
980 2209 1116 2257 une
1184 2191 1573 2258 laborieuse
1635 2190 1917 2258 Eneide.
1959 2215 1993 2252 »
2056 2194 2145 2258 At
2207 2193 2548 2277 ejusmodi

286 2322 610 2395 personae
639 2323 780 2371 non
822 2305 910 2370 ad
947 2305 1245 2390 priscam
1276 2304 1628 2393 epicorum
1661 2308 1897 2371 vatum
1941 2306 2214 2371 aetatem
2249 2306 2554 2390 pertine-

286 2422 480 2503 bant,
513 2421 635 2487 sed
688 2420 915 2506 potius
956 2421 1045 2487 ad
1093 2420 1248 2487 haec
1292 2424 1606 2505 tempora
1662 2419 1937 2504 quibuS,
1993 2420 2269 2487 omissis
2322 2421 2549 2487 Caroli

288 2534 566 2620 magni,
601 2534 886 2601 Orlandi
922 2537 1446 2618 ceterorumque
1490 2532 1827 2622 praeclare
1860 2534 2103 2618 gestis,
2135 2536 2332 2601 fictas
2377 2534 2554 2601 cele-

288 2651 495 2717 brare
574 2667 907 2735 personas
984 2649 1603 2733 commenticiaque
1683 2647 2073 2715 fabularum
2138 2652 2553 2734 argumenta

289 2766 590 2830 tractare
620 2763 837 2830 nostri
868 2765 1093 2851 poetae
1121 2763 1544 2848 inceperant.

378 2876 741 2943 Oblivione
790 2875 1005 2960 igitur
1052 2894 1134 2942 ac
1181 2876 1455 2942 silentio
1488 2875 1900 2960 jamdudum
1945 2893 2278 2964 oppressa
2310 2893 2395 2942 ac
2440 2894 2551 2942 se-

288 2991 487 3080 pulta
511 2992 709 3056 erant
728 3008 1182 3074 quaecumque
1203 2993 1474 3056 veteres
1498 2989 1743 3056 Galliae
1765 2992 1959 3057 vates
1984 2990 2367 3070 ediderant,
2391 3009 2550 3057 cum

289 3106 440 3173 Arti
496 3105 785 3190 poeticae
837 3104 1249 3171 Valkelinus
1296 3104 1603 3171 animum
1660 3104 1952 3189 adjecit:
2014 3123 2149 3188 quo
2203 3103 2551 3188 magisei
2649 3123 2681 3138 ··

289 3217 788 3303 gratulandum
818 3220 947 3299 est,
977 3217 1158 3302 quod
1189 3236 1275 3283 ex
1308 3217 1612 3283 tenebris
1640 3220 1742 3283 tot
1770 3219 2242 3296 monumenta,
2280 3216 2558 3282 domes-

287 3331 451 3397 ticae
484 3330 718 3419 poesis
748 3330 1054 3419 propria,
1093 3329 1492 3396 vindicavit.
1528 3330 1672 3395 Nec
1704 3329 1913 3395 modo
1938 3329 2222 3395 heroica
2252 3347 2560 3396 comme-

292 3448 544 3524 morat,
609 3443 731 3509 sed
798 3443 1008 3509 etiam
1070 3445 1300 3509 cetera
1376 3460 1663 3527 genera,
1732 3459 1892 3526 quae
1959 3444 2257 3527 majores
2336 3443 2554 3509 nostri

291 3556 677 3629 coluerant,
716 3573 802 3620 ex
845 3554 1069 3643 primo
1119 3553 1506 3621 litterarum
1543 3557 1934 3620 nostrarum
1977 3554 2174 3620 initio
2212 3572 2429 3638 usque
2467 3555 2555 3620 ad

292 3670 600 3755 priorem
657 3668 834 3734 sexti
881 3668 1130 3734 decimi
1175 3667 1414 3734 saeculi
1457 3670 1724 3752 partem
1776 3668 2235 3752 persequitur.
2276 3668 2427 3734 Non
2472 3687 2558 3735 ea

291 3781 574 3866 quidem
654 3780 930 3869 plurimi
1010 3780 1341 3865 aestimat;
1420 3798 1643 3865 neque
1726 3789 2252 3865 anagrammata
2331 3801 2555 3866 neque

293 3891 602 3979 ἁκρόστιχα
649 3893 939 3981 recipit:
1010 3915 1045 3957 «
1087 3893 1177 3959 Ce
1229 3896 1388 3960 sont
1437 3892 1636 3959 fruits
1696 3894 1986 3961 abortifs
2051 3894 2175 3981 (1);
2224 3917 2257 3957 »
2316 3899 2557 3980 poetas

294 4007 612 4073 hortatur
644 4009 719 4073 ut
744 4007 974 4093 prisca
1005 4026 1269 4091 genera
1297 4008 1656 4074 deserant:
1700 4030 1734 4069 «
1774 4009 1870 4073 De
1906 4027 2031 4074 nos
2066 4008 2273 4075 vieux
2312 4009 2557 4075 chants

293 4141 565 4208 royaux
599 4121 946 4207 decharge
981 4123 1046 4188 le
1073 4123 1389 4209 fardeau3
1425 4123 1586 4190 Oste
1617 4141 1777 4207 moy
1802 4123 1873 4188 la
1902 4123 2199 4204 ballade,
2228 4127 2376 4189 oste
2397 4142 2559 4208 moy

279 4223 363 4303 >le
387 4236 710 4332 ,rondeau
731 4235 846 4322 (2);
879 4261 910 4296 »
950 4236 1240 4303 miratur
1265 4236 1448 4321 quod
1470 4239 1741 4303 veteres
1764 4236 2014 4303 Galliae
2039 4239 2234 4303 vates
2257 4254 2561 4322 proavos

296 4353 572 4414 nostros
623 4347 1063 4414 delectarint:
1124 4372 1157 4408 «
1193 4349 1593 4414 L’innocent
1625 4348 1759 4432 age
1809 4349 1902 4414 De
1950 4365 2077 4414 nos
2126 4350 2298 4415 bons
2345 4347 2555 4416 vieux

295 4460 572 4547 gaulois
606 4461 910 4528 estimoit
944 4460 1007 4528 le
1044 4479 1330 4545 ramage
1370 4462 1466 4527 De
1495 4478 1622 4528 nos
1655 4461 1994 4547 premiers
2027 4466 2335 4528 romants
2351 4510 2547 4528 .....

353 4647 417 4703 (ι)
445 4647 552 4692 Lib.
578 4648 616 4692 1.

349 4724 415 4778 (2)
441 4724 562 4766 ma.
