3561 5729
1702 970 2131 1039 TERTIUM
2178 973 2488 1039 CAPUT

1160 1226 1253 1275 DE
1298 1225 1629 1276 GALLICAE
1674 1225 1914 1275 POESIS
1959 1225 2151 1274 APUD
2198 1225 2669 1274 VALKELINUM
2717 1225 3047 1275 HISTORIA

972 1444 1145 1500 Faber,
1189 1444 1441 1499 Slbiletus‚
1481 1442 1775 1489 Pelletarius
1818 1442 2105 1487 domesticas
2143 1442 2452 1498 antiquitatis
2489 1441 2647 1496 ignari
2684 1445 2735 1485 et
2775 1441 3015 1487 incuriosi
3054 1444 3229 1487 erant:

1023 1511 1319 1556 Valkelinus
1337 1513 1524 1565 contra,
1546 1510 1791 1566 quemviS,
1811 1509 1951 1553 velut
1969 1508 2185 1553 PleiedIs
2205 1508 2500 1564 discipulae,
2521 1508 2696 1552 mediae
2720 1509 2883 1552 aetstis
2913 1519 3060 1564 opera
3080 1519 3234 1562 gene-

1023 1589 1174 1634 raque
1193 1578 1331 1633 parvi
1352 1578 1580 1633 aestimet,
1616 1588 1675 1621 ea
1704 1587 1897 1619 summa
1919 1575 2175 1628 diligentia
2205 1577 2446 1619 memoret
2478 1577 2528 1618 et
2560 1577 2888 1631 persequitur.
2910 1599 2965 1607 —
2993 1576 3064 1619 De
3088 1578 3233 1619 vete-

1023 1644 1162 1688 ribus
1181 1644 1358 1689 Gellioe
1379 1643 1565 1689 bardis.
1582 1664 1637 1674 -—
1669 1642 1739 1686 De
1768 1641 2048 1686 vernaculoe
2078 1641 2257 1694 linguae
2277 1640 2568 1693 originibus,
2603 1664 2658 1672 —
2686 1640 2756 1683 De
2784 1642 3006 1695 rhythmi·
3034 1644 3232 1686 nostro-

1025 1722 1229 1767 rumque
1254 1721 1489 1755 versuum
1515 1708 1821 1753 inventione.
1840 1731 1894 1739 —
1912 1709 1982 1752 De
2000 1708 2250 1751 variorum
2270 1717 2504 1761 generum
2525 1706 2683 1750 initio.
2703 1729 2758 1739 -—
2777 1708 2903 1762 Quid
2934 1708 3230 1753 Velkelinus

1028 1778 1078 1821 in
1112 1778 1386 1831 effingenda
1415 1776 1605 1831 gallicae
1635 1776 1814 1829 linguae
1844 1774 2112 1831 poesisque
2146 1774 2353 1818 historia
2388 1773 2449 1819 eb
2479 1774 2705 1828 ejusdem
2738 1775 2900 1819 aetatis
2936 1775 3145 1830 criticiS,
3181 1778 3233 1821 et

1023 1845 1298 1899 presertim
1341 1855 1367 1888 a
1405 1843 1477 1887 Cl.
1515 1842 1786 1887 Fsuchetio
1826 1843 1894 1885 sit
1930 1843 2199 1886 mutuatus.
2238 1863 2292 1872 —
2328 1841 2625 1885 Domestica}
2663 1842 2947 1894 vetustatiS.
2991 1845 3229 1897 quantum

1024 1912 1244 1966 tempora
1274 1908 1509 1963 terebant,
1543 1909 1899 1964 peritissimus,
1950 1907 2186 1963 quidquid
2220 1907 2509 1960 alienigenae
2538 1907 2724 1962 populi,
2759 1907 2868 1951 Itali
2904 1908 3167 1963 imprimis,
3201 1921 3230 1953 u

1022 1976 1270 2032 prioribus
1294 1975 1471 2020 Galliae
1492 1974 1691 2019 vatibus
1716 1974 1835 2018 olim
1855 1973 2062 2018 mutuati
2088 1984 2173 2028 pro
2200 1984 2290 2017 suo
2310 1973 2645 2029 vindicabant,
2677 1974 2839 2027 gentis
2860 1985 2962 2017 suae
2992 1974 3227 2018 laudibus

1024 2043 1318 2088 valkelinus
1362 2042 1614 2097 adjungit:
1653 2042 1923 2096 lyricorum
1965 2041 2267 2096 carminum,
2319 2041 2632 2085 heroicorum
2666 2043 2970 2096 poematum,
3008 2042 3233 2095 rhythmi

1025 2109 1185 2166 ipsius
1214 2109 1554 2153 inventionem
1589 2119 1689 2151 non
1717 2108 1963 2151 immerito
1985 2108 2160 2162 patriis
2189 2108 2353 2162 poetis
2382 2106 2620 2151 attribuit.
2651 2130 2705 2138 —
2736 2107 2970 2162 AEqusles
3006 2108 3228 2151 Franciae

1023 2179 1167 2220 vetes
1184 2176 1324 2221 Italis
1340 2176 1545 2221 vatibus
1561 2176 1782 2232 opponit,
1800 2176 1933 2220 inmo
1954 2176 2232 2232 anteponit:
2250 2177 2311 2220 de
2327 2175 2572 2230 leudibus,
2590 2187 2716 2231 quas
2726 2175 2789 2220 iis
2805 2176 3043 2221 libentius
3061 2176 3231 2229 donat,

1024 2242 1210 2298 aliquid
1236 2244 1434 2299 decerpi
1456 2244 1673 2298 proiecto
1702 2241 1880 2292 debet;
1912 2242 2018 2293 sed,
2044 2245 2098 2285 ut
2118 2242 2323 2296 judicie,
2345 2252 2453 2297 quse
2474 2242 2536 2284 de
2566 2241 2823 2285 Ronserdo
2843 2243 3048 2297 ejusque
3078 2243 3233 2286 disci—

1025 2308 1158 2363 pulis
1182 2309 1288 2362 tert,
1308 2319 1406 2351 non
1425 2307 1677 2352 Velkelini
1696 2307 2010 2362 prudentium
2028 2306 2343 2359 dedecorent,
2371 2307 2440 2350 ita
2459 2306 2746 2350 domesticae
2774 2306 2945 2362 poesis
2981 2307 3230 2360 notioneS,

1025 2385 1135 2429 qum
1167 2375 1219 2419 in
1244 2376 1363 2419 Arte
1390 2374 1588 2431 poetica
1614 2372 1836 2426 recolligi
1869 2375 2095 2427 possunt,
2133 2375 2361 2427 quemvis
2390 2372 2533 2416 multi
2563 2372 2665 2415 sint
2697 2371 2811 2425 loci,
2844 2370 2928 2416 ubi
2963 2374 3068 2417 tota
3100 2374 3233 2415 erret

1024 2441 1124 2496 viu,
1143 2441 1386 2487 eruditam
1406 2441 1516 2497 eJus
1535 2439 1841 2493 diligentiam
1861 2439 2121 2483 manifeste
2143 2441 2400 2483 testentur.

1056 2620 1163 2687 Ad
1197 2637 1454 2704 graecae
1486 2620 1862 2704 latinaeque
1900 2618 2132 2705 poesis
2165 2618 2526 2685 historiam
2559 2619 2708 2702 jam
2742 2636 2881 2683 non
2919 2621 3230 2685 reverte-

967 2753 1144 2802 mur.
1184 2736 1279 2801 De
1313 2734 1754 2819 antiquorum
1789 2737 2024 2800 vatum
2054 2733 2380 2822 operibus
2421 2751 2559 2798 non
2594 2735 2779 2798 recte
2811 2732 3225 2800 Valkelinus

966 2849 1226 2936 saepius
1243 2849 1548 2934 judicat:
1598 2851 1900 2917 Homero
1940 2851 2294 2916 Maronem
2330 2847 2716 2934 anteponit3
2771 2848 3051 2915 Senecae
3085 2851 3229 2916 tra-

966 2964 1240 3048 goedias
1292 2964 1509 3031 multo
1589 2964 1808 3049 pluris
1878 2982 2081 3049 aequo
2152 2962 2475 3043 aestimat,
2540 2961 2892 3046 Gallisque
2951 2963 3225 3030 vatibus

967 3076 1338 3143 imitandas
1358 3078 1712 3165 proponit3
1752 3078 1972 3144 multa
1998 3077 2139 3143 alia
2159 3077 2309 3161 jam
2352 3074 2795 3157 recoluimus.
2819 3076 2936 3141 ubi
2958 3080 3219 3164 peccat.

968 3189 1100 3257 Sed
1140 3209 1593 3276 quaecumque
1641 3192 1726 3257 de
1775 3191 2183 3276 antiquitate
2236 3188 2542 3273 aequales
2593 3194 3029 3274 acceperant,
3067 3208 3229 3276 per-

967 3302 1203 3369 callet:
1238 3304 1681 3370 Aristotelem
1716 3304 2213 3386 Horatiumque
2248 3303 2522 3387 penitus
2547 3304 2757 3384 tenet,
2789 3306 2881 3384 et,
2906 3302 3227 3386 quotiens

966 3415 1258 3500 alicujus
1313 3417 1652 3502 poematis
1724 3419 2071 3502 praecepta
2121 3415 2355 3496 tradit,
2419 3433 2559 3481 non
2616 3416 2840 3482 solum
2901 3414 3226 3499 exempla

965 3528 1177 3596 refert
1211 3549 1300 3596 ex
1332 3530 1596 3597 Graecis
1623 3530 2016 3614 Latinisque
2051 3529 2298 3596 litteris
2330 3529 2565 3614 petita,
2599 3530 2721 3596 sed
2752 3530 2959 3596 etiam
2986 3530 3229 3614 singu-

967 3641 1191 3709 lorum
1226 3661 1561 3738 generum
1609 3643 1829 3709 fontes
1863 3661 1906 3708 a
1941 3643 2164 3732 prima
2205 3661 2418 3727 usque
2454 3642 2726 3726 origine
2758 3643 3217 3727 persequitur.

967 3756 1086 3822 Eae
1140 3760 1372 3822 tamen
1420 3756 1736 3822 notiones
1788 3757 1969 3841 apud
2036 3775 2195 3823 eum
2261 3756 2468 3822 modo
2525 3755 2996 3835 inveniuntur,
3067 3771 3225 3838 quae

967 3869 1341 3954 aequalium
1369 3876 1724 3955 poetarum
1745 3870 2178 3954 prudentiam
2201 3889 2340 3937 non
2366 3870 2801 3936 excederent.
2833 3869 3028 3943 Quod
3057 3887 3222 3935 vero

967 3983 1245 4067 gallicae
1270 3983 1499 4071 poesis
1532 3982 1730 4048 initia
1759 4001 2308 4068 progressusque
2342 3987 2484 4049 tam
2522 3969 2895 4067 diligenter
2925 3984 3218 4068 repetat,

968 4114 1408 4182 summopere
1483 4096 1871 4162 laudandus
1943 4099 2071 4177 est,
2153 4097 2536 4181 ceterisque
2612 4097 2921 4181 ejusdem
2996 4095 3224 4163 aetatis

969 4210 1245 4278 vatibus
1278 4210 1488 4294 longe
1520 4210 1936 4276 antecellere
1975 4209 2268 4276 videtur.

1056 4324 1332 4390 Priores
1363 4323 1463 4389 illi
1498 4327 1747 4412 poetae,
1783 4342 2075 4408 quorum
2110 4327 2313 4390 Artes
2334 4325 2789 4405 excussimus,
2822 4324 3223 4391 domesticae

972 4435 1399 4519 antiquitatis
1450 4435 1677 4519 ignari
1732 4436 2199 4520 incuriosique
2257 4439 2437 4502 sunt.
2493 4438 2714 4503 Faber
2759 4436 2953 4503 nulla
3008 4454 3221 4522 prope

969 4567 1255 4633 genera,
1299 4548 1494 4614 nulla
1529 4551 1788 4615 nostrae
1840 4549 2071 4637 poesis
2121 4552 2570 4621 monumenta
2625 4552 2843 4630 curat,
2878 4550 3011 4615 nisi
3067 4567 3218 4634 quae

968 4661 1364 4729 novissimis
1415 4661 1665 4728 mediae
1715 4660 1943 4729 aetatis
1995 4662 2424 4747 temporibus
2474 4663 2821 4730 communi
2862 4666 3216 4748 poetarum
