3561 5729
1321 694 1636 753 -53-

433 835 530 919 Si,
581 836 902 903 omnibus
945 838 1106 902 XVI
1147 837 1385 903 saeculi
1425 839 1586 903 ante
1617 835 2062 903 VaIKelinum
2119 837 2403 904 Artibus
2440 857 2606 922 per-

347 950 685 1033 tractatis,
734 950 1167 1035 singularum
1198 950 1481 1037 propria
1513 951 1619 1017 vis
1644 951 2038 1017 definienda
2069 951 2270 1016 nobis
2304 955 2432 1033 est,
2472 951 2612 1027 diei

346 1064 576 1150 potest
604 1079 646 1127 a
676 1063 900 1128 Fabro
927 1061 1394 1146 Gratianoque
1422 1064 1681 1128 nostrae
1709 1060 1943 1148 poesis
1972 1061 2351 1144 imaginem
2379 1060 2603 1144 reddi,

347 1174 626 1258 qualem
675 1193 749 1241 se
807 1175 1130 1252 habebat,
1193 1180 1561 1260 antequam
1606 1176 1858 1241 mediae
1914 1175 2140 1241 aetatis
2199 1175 2510 1241 instituta
2543 1178 2613 1241 et

350 1306 580 1354 mores
643 1307 686 1354 a
751 1288 1026 1355 vatibus
1086 1289 1622 1375 desererentur3
1704 1289 2063 1356 Sibiletum
2093 1340 2112 1370 ,
2183 1288 2434 1378 quippe
2496 1288 2614 1373 qui

347 1401 594 1467 Maroti
632 1402 1048 1487 discipulum
1096 1421 1249 1469 esse
1296 1422 1371 1470 se
1410 1402 1719 1488 profiteri
1758 1402 2004 1484 soleat,
2052 1402 2439 1469 manifestae
2463 1403 2613 1487 jam

351 1515 752 1581 mutationis
803 1518 872 1581 et
920 1535 1213 1583 summae
1258 1517 1346 1582 ad
1393 1519 1665 1583 veteres
1725 1515 2097 1582 imitandos
2150 1515 2619 1581 inclinationis

353 1628 613 1694 indicia
677 1627 893 1694 multa
934 1629 1084 1712 jam
1149 1630 1502 1715 praebere3
1564 1618 2013 1695 Pelletarium
2069 1627 2373 1694 Pleiadis
2429 1647 2615 1714 speS,

352 1742 769 1824 voluntates,
829 1742 1120 1809 consilia
1176 1743 1591 1829 exprimere,
1653 1743 1774 1810 sed
1833 1746 2203 1826 antequam
2271 1742 2355 1807 iis
2408 1743 2618 1807 finem

353 1858 812 1946 imposuerint
836 1859 1257 1926 recentiores
1291 1864 1542 1945 poetae,
1581 1863 1937 1944 totumque
1975 1858 2204 1944 poesis
2234 1857 2428 1942 quasi
2467 1876 2621 1923 cur-

357 1971 653 2038 riculum
693 1973 985 2051 emensi,
1022 1973 1333 2055 satiram,
1378 1974 1641 2057 elegos,
1681 1973 1952 2062 epicum
1993 1990 2271 2038 carmen
2310 1991 2396 2037 ex
2422 1974 2616 2037 vete-

356 2103 512 2151 rum
555 2086 964 2168 imitatione,
1022 2091 1096 2153 ut
1172 2088 1312 2154 alia
1364 2088 1709 2154 scribendi
1761 2106 2047 2172 genera,
2106 2087 2617 2153 arcessiverint.

367 2200 794 2282 Ronsardus,
835 2202 1060 2268 aetatis
1099 2221 1246 2269 suae
1286 2203 1633 2288 princepS,
1671 2202 1937 2268 nullam
1973 2202 2314 2290 poeticam
2355 2203 2619 2285 Artem,

365 2312 571 2397 hujus
634 2314 934 2381 nominis
984 2334 1147 2381 vere
1206 2316 1517 2400 dignam,
1563 2300 2265 2399 reliquitJLaudunii
2322 2314 2620 2397 denique

360 2445 536 2511 opus
574 2430 900 2513 tanquam
943 2429 1233 2496 biforme
1277 2434 1380 2497 est
1420 2445 1435 2496 :
1470 2433 1545 2495 ut
1583 2430 1768 2495 enim
1806 2429 1995 2514 prior
2029 2447 2189 2517 pars
2225 2428 2311 2493 ad
2358 2428 2623 2513 priseos

361 2540 610 2607 Galliae
654 2544 893 2626 poetas
952 2561 1036 2609 ac
1067 2562 1330 2627 genera
1375 2548 1520 2609 tota
1567 2543 1886 2628 pertinet,
1941 2543 2038 2607 ita
2077 2541 2511 2607 Ronsardum
2554 2540 2625 2605 in

362 2652 746 2739 posteriore
796 2655 1202 2740 plerumque
1268 2655 1578 2739 sequitur
1630 2658 1698 2719 et
1743 2652 2043 2719 Pleiadis
2088 2658 2436 2742 praecepta
2492 2670 2625 2718 sae-

364 2768 520 2856 pius
569 2773 911 2853 recantat3
952 2771 1073 2836 sed
1120 2771 1291 2837 nihil
1345 2789 1557 2859 prope
1589 2771 1660 2836 in
1700 2770 1887 2835 omni
1924 2788 2132 2858 opere
2169 2768 2401 2849 tradit,
2441 2767 2624 2851 quod

361 2901 501 2949 non
518 2884 830 2967 jejunius
857 2885 1358 2969 strigosiusque
1386 2903 1538 2951 esse
1566 2884 1905 2950 videatur.
1940 2887 2092 2950 Jam
2127 2883 2340 2967 igitur
2375 2881 2628 2948 Valke-

368 2996 493 3062 lini
528 3015 570 3062 a
612 2998 982 3073 Fraxineto
1031 3001 1267 3065 Artem
1308 2999 1646 3086 poeticam
1701 2997 2234 3086 perpendemus,
2278 2996 2352 3061 in
2405 3012 2625 3078 eaque

364 3110 655 3176 multum
689 3128 771 3177 ae
805 3112 947 3194 diu,
985 3115 1059 3178 ut
1080 3113 1345 3196 justum
1381 3114 1508 3193 est,
1537 3110 2091 3177 immorabimur.
