3561 5729
1851 585 2174 646 ..38-

886 739 962 799 ut
1004 751 1253 818 poema
1295 730 1379 800 de
1427 733 1613 800 Rosa
1668 732 2073 819 inscriptum
2116 734 2203 799 ab
2250 729 2489 800 Iliade
2543 736 2612 800 et
2650 731 2952 802 AE’neide
2999 755 3139 803 non

889 848 1228 912 secernat.
2250 902 2253 906 Α

974 962 1054 1027 In
1092 960 1606 1045 quartodecimo
1650 961 2053 1047 posterioris
2095 960 2254 1028 libri
2293 961 2516 1045 capite
2562 962 2647 1028 de
2689 963 3142 1031 translatione

887 1073 1034 1141 sive
1071 1073 1521 1140 conversione
1565 1074 1869 1155 disserit,
1906 1093 2112 1158 quam
2147 1093 2271 1160 pro
2310 1075 2644 1160 peculiari
2679 1076 2977 1159 quodam
3019 1096 3144 1162 ge-

885 1207 1052 1254 nere
1087 1188 1234 1277 ipse
1268 1190 1337 1253 et
1374 1189 1522 1272 ejus
1555 1188 1861 1273 aequales
1896 1188 2174 1255 ducunt.
2220 1189 2416 1255 Multi
2439 1191 2589 1273 jam
2624 1192 2782 1255 sunt
2821 1191 3012 1272 anni,
3054 1210 3142 1258 ex

887 1302 1135 1387 quibus
1173 1305 1397 1387 poetae
1430 1302 1673 1383 nostri,
1720 1302 2013 1369 desertis
2046 1302 2354 1369 nondum
2398 1302 2792 1370 domesticis
2833 1304 3142 1371 moribus

888 1419 957 1481 et
998 1416 1359 1502 exempliS,
1419 1416 1680 1502 aliquid
1726 1419 1963 1483 tamen
2006 1418 2229 1502 majus
2276 1418 2344 1482 et
2387 1416 2671 1501 gravius
2723 1417 2795 1483 in
2844 1418 3144 1503 antiquis

886 1528 1272 1595 litterarum
1308 1529 1769 1596 monumentis
1792 1530 2019 1596 inesse
2042 1530 2395 1614 suspicati,
2423 1530 2701 1596 Latinos
2726 1532 3143 1615 Graecosque

890 1644 1261 1731 scriptores
1296 1645 1366 1711 in
1397 1664 1594 1712 suam
1623 1646 1938 1731 linguam
1969 1645 2282 1711 certatim
2314 1645 2759 1712 transferunt.
2807 1648 3145 1714 Heroetus

888 1758 1195 1825 Platonis
1261 1756 1772 1848 Androqynum
1829 1758 2080 1843 gallice
2129 1761 2432 1825 verterat
2493 1761 2562 1825 et
2616 1759 2840 1826 Ovidii
2893 1757 3140 1826 Artem

892 1871 1352 1953 amatoriam;
1385 1874 1676 1941 Salellus
1706 1874 2052 1959 Euripidis
2083 1870 2423 1941 Helenam
2459 1872 2541 1961 (1)
2578 1876 2646 1941 et
2680 1871 2942 1941 Iliadis
2975 1874 3147 1940 duo-

892 1988 1115 2054 decim
1168 1988 1428 2076 primos
1481 1987 1732 2072 libros3
1782 1986 2192 2054 Pelletarius
2240 1987 2467 2053 Flacci
2508 1985 2751 2054 Artem
2781 1984 3139 2077 poeticam,

891 2099 1224 2184 Vergilii,
1291 2099 1658 2180 MartialiS,
1722 2098 2038 2180 Homeri,
2107 2100 2454 2166 Petrarcae
2514 2100 2834 2184 quaedam
2890 2090 3166 2186 opera,

892 2213 1307 2280 Octavianus
1361 2214 1807 2298 Sangelasius
1850 2210 2247 2301 Odysseam,
2300 2212 2605 2282 AEneida
2630 2233 2660 2295 ‚·
2701 2214 3143 2285 Forcadellus

891 2328 1221 2409 MaroniS,
1253 2327 1549 2394 Nasonis
1582 2327 1834 2393 multas
1858 2331 2112 2413 partes,
2162 2329 2467 2393 Marotus
2508 2326 2804 2411 denique
2846 2326 3140 2415 primam

892 2441 1184 2525 Vergilii
1238 2442 1555 2525 eclogam
1605 2442 2052 2509 transtulerat
2098 2444 2166 2509 et
2213 2441 2461 2508 Catulli
2512 2441 2820 2528 nuptiale
2862 2459 3141 2508 carmen

894 2560 1040 2620 erat
1076 2554 1403 2620 imitatus,
1444 2553 1890 2637 Antiquitatis
1924 2553 2148 2620 cultus
2178 2556 2246 2619 et
2278 2553 2568 2621 imitatio
2601 2558 2744 2620 tam
2773 2553 3145 2619 vehemen-

892 2672 998 2734 ter
1027 2667 1149 2732 illa
1183 2669 1588 2752 tempestate
1618 2667 1972 2751 vigebant,
2010 2669 2085 2733 ut
2117 2667 2287 2732 nihil
2323 2667 2573 2732 mirum
2609 2667 2720 2749 sit,
2754 2667 2937 2751 quod
2967 2668 3146 2733 vete-

894 2802 1048 2849 rum
1081 2782 1584 2869 exemplarium
1618 2782 2054 2848 conversioni
2089 2785 2353 2850 tantum
2386 2783 2573 2851 Artis
2606 2784 2897 2871 poeticae
2926 2783 3144 2870 scrip-

890 2902 1000 2964 tor
1060 2897 1389 2964 conferat.
1477 2919 1512 2961 (ι
1544 2897 1955 2981 Conversio,
2020 2897 2272 2982 inquit,
2350 2900 2454 2963 est
2511 2897 3145 2983 frequentissimum

890 3029 1162 3097 poema,
1210 3013 1279 3077 et
1330 3010 1552 3096 poetis
1600 3011 1955 3096 doctisque
2008 3010 2379 3078 lectoribus
2428 3011 2584 3077 ideo
2636 3010 3134 3095 gratissimum,

891 3126 1054 3211 quia
1086 3145 1417 3212 magnum
1456 3145 1607 3194 esse
1642 3144 1817 3216 opus
1847 3146 2085 3194 omnes
2122 3127 2567 3210 arbitrantur,
2600 3127 2657 3194 si
2690 3145 3140 3213 quaecumque

895 3239 1157 3324 antiqui
1217 3243 1411 3306 vates
1471 3240 1887 3307 invenerunt
1949 3240 2290 3308 sermonis
2358 3241 2572 3307 nostri
2641 3240 2836 3326 quasi
2909 3241 3141 3308 colore

894 3352 1320 3419 induantur»
1355 3350 1461 3438 (2).
1501 3354 1655 3438 Ipse
1688 3355 1920 3419 autem
1956 3352 2301 3438 Euripidis
2333 3350 2770 3442 Iphiqeniam
2814 3356 3136 3420 verterat.

982 3466 1137 3531 Non
1198 3465 1485 3550 longum
1536 3466 1815 3551 quidem
1861 3466 2192 3551 temporis
2257 3467 2555 3551 spatium
2608 3467 2788 3533 inter
2847 3468 3143 3535 Fabrum

893 3579 1385 3663 Sibiletumque
1405 3579 1886 3666 interpositum
1911 3584 2053 3646 est:
2089 3580 2379 3647 multum
2400 3583 2631 3646 tamen
2656 3584 3143 3648 commutatam

891 3713 1043 3761 esse
1106 3698 1365 3761 nostrae
1420 3695 1651 3780 poesis
1710 3696 2052 3761 rationem
2107 3713 2246 3762 non
2302 3696 2545 3779 negari
2607 3700 2851 3785 potest.
2909 3697 3145 3764 Prisca

894 3828 1157 3895 genera
1186 3810 1516 3899 paulatim
1552 3811 2039 3896 obscurantur;
2070 3829 2252 3877 nova
2290 3811 2534 3878 florere
2569 3814 2951 3896 coeperunt,
2989 3830 3144 3896 quae

899 3942 1059 3991 mox
1097 3942 1335 3990 omnes
1365 3926 1614 4009 poetae,
1669 3924 2030 3991 Ronsardo
2065 3924 2264 4007 duce,
2302 3925 2612 3991 certatim
2649 3925 2895 3992 colent.
2936 3924 3147 3992 Nobi-

896 4037 1106 4104 liores
1143 4056 1388 4105 sensus
1426 4038 1844 4124 spiritusque
1890 4038 2268 4106 domestica
2310 4037 2509 4106 musa
2553 4039 2866 4128 sumpsit.
2905 4037 3145 4106 Poesis

947 4327 1009 4383 (l)
1037 4327 1235 4384 Goujet.
1256 4328 1376 4371 Bibl.
1396 4329 1480 4382 rr..
1502 4328 1611 4383 x11,
1632 4340 1679 4385 p.
1699 4328 1742 4373 4.

947 4419 1008 4471 (2)
1032 4434 1057 4457 α
1076 4418 1144 4461 La
1165 4417 1367 4460 version
1385 4427 1449 4461 ou
1467 4417 1747 4461 traduction
1764 4419 1844 4461 est
1863 4417 2186 4472 aujourd'huy
2207 4419 2253 4462 le
2272 4418 2447 4475 poeme
2464 4419 2511 4463 le
2529 4417 2644 4474 plus
2666 4416 2891 4474 frequent
2910 4421 2959 4464 et
2977 4418 3144 4465 mieux

897 4494 1045 4528 receu
1064 4483 1153 4527 des
1174 4484 1379 4528 estimes
1400 4483 1573 4538 poetes
1600 4485 1649 4527 et
1672 4484 1761 4528 des
1783 4482 1956 4527 doctes
1985 4485 2213 4538 lecteurs,
2231 4484 2260 4528 a
2280 4495 2430 4529 cause
2452 4495 2545 4539 que
2574 4485 2768 4528 chacun
2796 4485 2941 4529 d'eux
2967 4485 3144 4530 estime

899 4550 1049 4604 grand
1072 4560 1238 4593 oeuvre
1259 4550 1432 4593 rendre
1454 4550 1500 4594 la
1519 4560 1641 4605 pure
1662 4552 1711 4593 et
1735 4550 1990 4604 argentine
2021 4550 2278 4594 invention
2299 4551 2386 4594 des
2408 4551 2580 4607 poetes
2607 4549 2752 4595 doree
2776 4552 2825 4594 et
2844 4551 3064 4596 eutichio
3085 4551 3145 4596 dc

903 4619 1072 4660 nostre
1092 4616 1286 4670 langue.
1308 4631 1330 4655 ι)
1356 4615 1483 4670 (Lib.
1504 4616 1562 4671 11,
1584 4627 1692 4672 cap.
1712 4617 1865 4668 xlv.)
