<?xml version="1.0" encoding="UTF-8"?>
<!DOCTYPE html PUBLIC "-//W3C//DTD XHTML 1.0 Transitional//EN"
    "http://www.w3.org/TR/xhtml1/DTD/xhtml1-transitional.dtd">
<html xmlns="http://www.w3.org/1999/xhtml" xml:lang="en" lang="en">
 <head>
  <title>
</title>
<meta http-equiv="Content-Type" content="text/html;charset=utf-8" />
  <meta name='ocr-system' content='tesseract 3.04.00' />
  <meta name='ocr-capabilities' content='ocr_page ocr_carea ocr_par ocr_line ocrx_word'/>
</head>
<body>
  <div class='ocr_page' id='page_1' title='image "./desextidecimisa00pellgoog_0114.png"; bbox 0 0 3561 5729; ppageno 0'>
   <div class='ocr_carea' id='block_1_1' title="bbox 1883 648 2246 711">
    <p class='ocr_par' dir='ltr' id='par_1_1' title="bbox 1883 648 2246 711">
     <span class='ocr_line' id='line_1_1' title="bbox 1883 648 2246 711; baseline 0.003 -1"><span class='ocrx_word' id='word_1_1' title='bbox 1883 648 2246 711; x_wconf 91' lang='lat'>-110—</span> 
     </span>
    </p>
   </div>
   <div class='ocr_carea' id='block_1_2' title="bbox 935 790 3194 990">
    <p class='ocr_par' dir='ltr' id='par_1_2' title="bbox 935 790 3194 990">
     <span class='ocr_line' id='line_1_2' title="bbox 937 790 3192 878; baseline -0.001 -19"><span class='ocrx_word' id='word_1_2' title='bbox 937 793 1053 877; x_wconf 92' lang='lat' dir='ltr'>qui</span> <span class='ocrx_word' id='word_1_3' title='bbox 1084 792 1379 878; x_wconf 86' lang='lat' dir='ltr'>primum</span> <span class='ocrx_word' id='word_1_4' title='bbox 1420 791 1869 857; x_wconf 83' lang='lat' dir='ltr'>Ronsardicae</span> <span class='ocrx_word' id='word_1_5' title='bbox 1923 793 2141 857; x_wconf 82' lang='lat' dir='ltr'>Musae</span> <span class='ocrx_word' id='word_1_6' title='bbox 2208 790 2539 875; x_wconf 87' lang='lat' dir='ltr'>impetum</span> <span class='ocrx_word' id='word_1_7' title='bbox 2588 791 2911 857; x_wconf 84' lang='lat' dir='ltr'>cohibere</span> <span class='ocrx_word' id='word_1_8' title='bbox 2963 791 3192 876; x_wconf 89' lang='lat' dir='ltr'>potius</span> 
     </span>
     <span class='ocr_line' id='line_1_3' title="bbox 935 904 3194 990; baseline -0.001 -18"><span class='ocrx_word' id='word_1_9' title='bbox 935 925 1143 990; x_wconf 88' lang='lat' dir='ltr'>quam</span> <span class='ocrx_word' id='word_1_10' title='bbox 1176 924 1428 990; x_wconf 84' lang='lat' dir='ltr'>urgere</span> <span class='ocrx_word' id='word_1_11' title='bbox 1468 923 1551 970; x_wconf 85' lang='lat' dir='ltr'>ac</span> <span class='ocrx_word' id='word_1_12' title='bbox 1593 922 1968 989; x_wconf 85' lang='lat' dir='ltr'>properare</span> <span class='ocrx_word' id='word_1_13' title='bbox 2016 905 2395 970; x_wconf 79' lang='lat' dir='ltr'>tentabant.</span> <span class='ocrx_word' id='word_1_14' title='bbox 2454 906 2730 971; x_wconf 77' lang='lat' dir='ltr'>Certant</span> <span class='ocrx_word' id='word_1_15' title='bbox 2772 904 2987 971; x_wconf 84' lang='lat' dir='ltr'>critici</span> <span class='ocrx_word' id='word_1_16' title='bbox 3024 923 3194 988; x_wconf 88' lang='lat' dir='ltr'>qua-</span> 
     </span>
    </p>
   </div>
   <div class='ocr_carea' id='block_1_3' title="bbox 849 1017 3193 1101">
    <p class='ocr_par' dir='ltr' id='par_1_3' title="bbox 849 1017 3193 1101">
     <span class='ocr_line' id='line_1_4' title="bbox 849 1017 3193 1101; baseline -0.001 -15"><span class='ocrx_word' id='word_1_17' title='bbox 849 1056 854 1061; x_wconf 92' lang='lat'>·</span> <span class='ocrx_word' id='word_1_18' title='bbox 936 1026 1137 1086; x_wconf 89' lang='lat' dir='ltr'>tenus</span> <span class='ocrx_word' id='word_1_19' title='bbox 1167 1019 1469 1085; x_wconf 89' lang='lat' dir='ltr'>Pleiadis</span> <span class='ocrx_word' id='word_1_20' title='bbox 1499 1018 1796 1101; x_wconf 87' lang='lat' dir='ltr'>vestigia</span> <span class='ocrx_word' id='word_1_21' title='bbox 1820 1017 2233 1084; x_wconf 88' lang='lat' dir='ltr'>Valkelinus</span> <span class='ocrx_word' id='word_1_22' title='bbox 2257 1018 2345 1083; x_wconf 92' lang='lat' dir='ltr'>sit</span> <span class='ocrx_word' id='word_1_23' title='bbox 2378 1021 2677 1083; x_wconf 87' lang='lat' dir='ltr'>secutus.</span> <span class='ocrx_word' id='word_1_24' title='bbox 2710 1018 2926 1083; x_wconf 83' lang='lat' dir='ltr'>Alteri</span> <span class='ocrx_word' id='word_1_25' title='bbox 2953 1020 3193 1083; x_wconf 85' lang='lat' dir='ltr'>Artem</span> 
     </span>
    </p>
   </div>
   <div class='ocr_carea' id='block_1_4' title="bbox 873 1119 3259 4516">
    <p class='ocr_par' dir='ltr' id='par_1_4' title="bbox 873 1119 3201 2585">
     <span class='ocr_line' id='line_1_5' title="bbox 936 1119 3193 1223; baseline -0.001 -24"><span class='ocrx_word' id='word_1_26' title='bbox 936 1134 1278 1223; x_wconf 85' lang='lat' dir='ltr'>poeticam</span> <span class='ocrx_word' id='word_1_27' title='bbox 1352 1132 1548 1216; x_wconf 90' lang='lat' dir='ltr'>quasi</span> <span class='ocrx_word' id='word_1_28' title='bbox 1616 1132 1963 1217; x_wconf 80' lang='lat' dir='ltr'>quoddam</span> <span class='ocrx_word' id='word_1_29' title='bbox 2027 1132 2368 1198; x_wconf 87' lang='lat' dir='ltr'>Ronsardi</span> <span class='ocrx_word' id='word_1_30' title='bbox 2426 1119 2645 1217; x_wconf 89' lang='lat' dir='ltr'>ipsius</span> <span class='ocrx_word' id='word_1_31' title='bbox 2703 1133 3193 1197; x_wconf 89' lang='lat' dir='ltr'>testamentum</span> 
     </span>
     <span class='ocr_line' id='line_1_6' title="bbox 937 1245 3196 1333; baseline -0.002 -19"><span class='ocrx_word' id='word_1_32' title='bbox 937 1264 1090 1314; x_wconf 85' lang='lat' dir='ltr'>esse</span> <span class='ocrx_word' id='word_1_33' title='bbox 1125 1250 1389 1333; x_wconf 87' lang='lat' dir='ltr'>putant,</span> <span class='ocrx_word' id='word_1_34' title='bbox 1430 1247 1537 1313; x_wconf 90' lang='lat' dir='ltr'>cui</span> <span class='ocrx_word' id='word_1_35' title='bbox 1576 1247 1828 1312; x_wconf 90' lang='lat' dir='ltr'>mortui</span> <span class='ocrx_word' id='word_1_36' title='bbox 1863 1246 2071 1332; x_wconf 91' lang='lat' dir='ltr'>paulo</span> <span class='ocrx_word' id='word_1_37' title='bbox 2102 1249 2261 1312; x_wconf 88' lang='lat' dir='ltr'>ante</span> <span class='ocrx_word' id='word_1_38' title='bbox 2289 1246 2468 1312; x_wconf 89' lang='lat' dir='ltr'>vatis</span> <span class='ocrx_word' id='word_1_39' title='bbox 2497 1247 2887 1312; x_wconf 85' lang='lat' dir='ltr'>voluntates</span> <span class='ocrx_word' id='word_1_40' title='bbox 2917 1245 3196 1330; x_wconf 87' lang='lat' dir='ltr'>religio-</span> 
     </span>
     <span class='ocr_line' id='line_1_7' title="bbox 873 1359 3197 1444; baseline -0.002 -17"><span class='ocrx_word' id='word_1_41' title='bbox 873 1370 876 1373; x_wconf 76' lang='grc'>’</span> <span class='ocrx_word' id='word_1_42' title='bbox 940 1360 1211 1427; x_wconf 91' lang='lat' dir='ltr'>sissime</span> <span class='ocrx_word' id='word_1_43' title='bbox 1241 1360 1588 1426; x_wconf 80' lang='lat' dir='ltr'>mandatae</span> <span class='ocrx_word' id='word_1_44' title='bbox 1617 1363 1776 1426; x_wconf 91' lang='lat' dir='ltr'>sunt</span> <span class='ocrx_word' id='word_1_45' title='bbox 1812 1375 1826 1426; x_wconf 74' lang='grc' dir='ltr'>ε</span> <span class='ocrx_word' id='word_1_46' title='bbox 1867 1361 2049 1444; x_wconf 90' lang='lat' dir='ltr'>quod</span> <span class='ocrx_word' id='word_1_47' title='bbox 2084 1360 2360 1444; x_wconf 90' lang='lat' dir='ltr'>quidem</span> <span class='ocrx_word' id='word_1_48' title='bbox 2379 1360 2745 1443; x_wconf 89' lang='lat' dir='ltr'>judicium,</span> <span class='ocrx_word' id='word_1_49' title='bbox 2778 1360 3094 1444; x_wconf 86' lang='lat' dir='ltr'>quamvis</span> <span class='ocrx_word' id='word_1_50' title='bbox 3123 1359 3197 1424; x_wconf 90' lang='lat' dir='ltr'>in</span> 
     </span>
     <span class='ocr_line' id='line_1_8' title="bbox 939 1462 3199 1557; baseline -0.001 -14"><span class='ocrx_word' id='word_1_51' title='bbox 939 1494 1212 1543; x_wconf 90' lang='lat' dir='ltr'>summa</span> <span class='ocrx_word' id='word_1_52' title='bbox 1256 1477 1522 1542; x_wconf 88' lang='lat' dir='ltr'>rectum</span> <span class='ocrx_word' id='word_1_53' title='bbox 1556 1493 1710 1541; x_wconf 91' lang='lat' dir='ltr'>esse</span> <span class='ocrx_word' id='word_1_54' title='bbox 1747 1473 2111 1557; x_wconf 77' lang='lat' dir='ltr'>fateamur,</span> <span class='ocrx_word' id='word_1_55' title='bbox 2150 1477 2407 1557; x_wconf 90' lang='lat' dir='ltr'>tamen,</span> <span class='ocrx_word' id='word_1_56' title='bbox 2444 1475 2502 1540; x_wconf 88' lang='lat' dir='ltr'>si</span> <span class='ocrx_word' id='word_1_57' title='bbox 2532 1462 2706 1541; x_wconf 81' lang='lat' dir='ltr'>niliil</span> <span class='ocrx_word' id='word_1_58' title='bbox 2734 1495 2822 1541; x_wconf 83' lang='lat' dir='ltr'>ex</span> <span class='ocrx_word' id='word_1_59' title='bbox 2842 1493 2924 1540; x_wconf 91' lang='lat' dir='ltr'>eo</span> <span class='ocrx_word' id='word_1_60' title='bbox 2960 1475 3199 1540; x_wconf 88' lang='lat' dir='ltr'>remit-</span> 
     </span>
     <span class='ocr_line' id='line_1_9' title="bbox 937 1587 3189 1669; baseline -0.001 -14"><span class='ocrx_word' id='word_1_61' title='bbox 937 1591 1085 1655; x_wconf 88' lang='lat' dir='ltr'>tere</span> <span class='ocrx_word' id='word_1_62' title='bbox 1146 1588 1375 1669; x_wconf 89' lang='lat' dir='ltr'>liceat,</span> <span class='ocrx_word' id='word_1_63' title='bbox 1440 1606 1581 1654; x_wconf 91' lang='lat' dir='ltr'>non</span> <span class='ocrx_word' id='word_1_64' title='bbox 1649 1588 1818 1654; x_wconf 87' lang='lat' dir='ltr'>satis</span> <span class='ocrx_word' id='word_1_65' title='bbox 1879 1588 2255 1653; x_wconf 84' lang='lat' dir='ltr'>laxamenti</span> <span class='ocrx_word' id='word_1_66' title='bbox 2312 1589 2567 1654; x_wconf 89' lang='lat' dir='ltr'>habere</span> <span class='ocrx_word' id='word_1_67' title='bbox 2633 1588 2835 1654; x_wconf 89' lang='lat' dir='ltr'>nobis</span> <span class='ocrx_word' id='word_1_68' title='bbox 2893 1587 3189 1653; x_wconf 87' lang='lat' dir='ltr'>videtur.</span> 
     </span>
     <span class='ocr_line' id='line_1_10' title="bbox 939 1698 3196 1787; baseline -0 -21"><span class='ocrx_word' id='word_1_69' title='bbox 939 1700 1158 1767; x_wconf 88' lang='lat' dir='ltr'>Alteri</span> <span class='ocrx_word' id='word_1_70' title='bbox 1221 1703 1463 1767; x_wconf 90' lang='lat' dir='ltr'>contra</span> <span class='ocrx_word' id='word_1_71' title='bbox 1521 1698 1607 1787; x_wconf 94' lang='lat' dir='ltr'>(l)</span> <span class='ocrx_word' id='word_1_72' title='bbox 1660 1700 2084 1767; x_wconf 84' lang='lat' dir='ltr'>contendunt</span> <span class='ocrx_word' id='word_1_73' title='bbox 2135 1700 2514 1767; x_wconf 86' lang='lat' dir='ltr'>Malherbae</span> <span class='ocrx_word' id='word_1_74' title='bbox 2562 1699 2916 1783; x_wconf 85' lang='lat' dir='ltr'>Bolaeique</span> <span class='ocrx_word' id='word_1_75' title='bbox 2963 1700 3196 1765; x_wconf 88' lang='lat' dir='ltr'>officia</span> 
     </span>
     <span class='ocr_line' id='line_1_11' title="bbox 939 1814 3198 1900; baseline 0 -20"><span class='ocrx_word' id='word_1_76' title='bbox 939 1832 984 1880; x_wconf 88' lang='lat' dir='ltr'>a</span> <span class='ocrx_word' id='word_1_77' title='bbox 1007 1814 1379 1881; x_wconf 84' lang='lat' dir='ltr'>Valkelino</span> <span class='ocrx_word' id='word_1_78' title='bbox 1410 1814 1785 1900; x_wconf 87' lang='lat' dir='ltr'>anticipata</span> <span class='ocrx_word' id='word_1_79' title='bbox 1811 1833 1988 1897; x_wconf 88' lang='lat' dir='ltr'>esse,</span> <span class='ocrx_word' id='word_1_80' title='bbox 2024 1816 2114 1896; x_wconf 92' lang='lat' dir='ltr'>et,</span> <span class='ocrx_word' id='word_1_81' title='bbox 2145 1832 2538 1899; x_wconf 89' lang='lat' dir='ltr'>quanquam</span> <span class='ocrx_word' id='word_1_82' title='bbox 2568 1814 2856 1880; x_wconf 89' lang='lat' dir='ltr'>summis</span> <span class='ocrx_word' id='word_1_83' title='bbox 2876 1814 3198 1880; x_wconf 86' lang='lat' dir='ltr'>laudibus</span> 
     </span>
     <span class='ocr_line' id='line_1_12' title="bbox 943 1920 3200 2017; baseline -0 -19"><span class='ocrx_word' id='word_1_84' title='bbox 943 1920 1375 1999; x_wconf 86' lang='lat' dir='ltr'>Ronsardum</span> <span class='ocrx_word' id='word_1_85' title='bbox 1440 1932 1766 2014; x_wconf 86' lang='lat' dir='ltr'>cumulet,</span> <span class='ocrx_word' id='word_1_86' title='bbox 1824 1950 1942 1997; x_wconf 91' lang='lat' dir='ltr'>eas</span> <span class='ocrx_word' id='word_1_87' title='bbox 2010 1932 2237 2017; x_wconf 87' lang='lat' dir='ltr'>potius</span> <span class='ocrx_word' id='word_1_88' title='bbox 2287 1931 2609 2014; x_wconf 77' lang='lat' dir='ltr'>religioni</span> <span class='ocrx_word' id='word_1_89' title='bbox 2670 1932 2945 1998; x_wconf 87' lang='lat' dir='ltr'>cuidam</span> <span class='ocrx_word' id='word_1_90' title='bbox 3002 1931 3200 1997; x_wconf 86' lang='lat' dir='ltr'>attri-</span> 
     </span>
     <span class='ocr_line' id='line_1_13' title="bbox 942 2042 3200 2129; baseline -0.002 -19"><span class='ocrx_word' id='word_1_91' title='bbox 942 2044 1202 2125; x_wconf 89' lang='lat' dir='ltr'>buisse,</span> <span class='ocrx_word' id='word_1_92' title='bbox 1228 2063 1433 2129; x_wconf 90' lang='lat' dir='ltr'>quam</span> <span class='ocrx_word' id='word_1_93' title='bbox 1464 2044 1736 2110; x_wconf 87' lang='lat' dir='ltr'>sincera</span> <span class='ocrx_word' id='word_1_94' title='bbox 1763 2044 1900 2109; x_wconf 87' lang='lat' dir='ltr'>fide</span> <span class='ocrx_word' id='word_1_95' title='bbox 1940 2046 2008 2108; x_wconf 92' lang='lat' dir='ltr'>et</span> <span class='ocrx_word' id='word_1_96' title='bbox 2041 2062 2128 2108; x_wconf 81' lang='lat' dir='ltr'>ex</span> <span class='ocrx_word' id='word_1_97' title='bbox 2163 2042 2395 2108; x_wconf 90' lang='lat' dir='ltr'>animo</span> <span class='ocrx_word' id='word_1_98' title='bbox 2428 2043 2592 2127; x_wconf 92' lang='lat' dir='ltr'>quid</span> <span class='ocrx_word' id='word_1_99' title='bbox 2624 2042 2709 2108; x_wconf 90' lang='lat' dir='ltr'>de</span> <span class='ocrx_word' id='word_1_100' title='bbox 2743 2043 2864 2108; x_wconf 95' lang='lat' dir='ltr'>illo</span> <span class='ocrx_word' id='word_1_101' title='bbox 2912 2043 3200 2108; x_wconf 87' lang='lat' dir='ltr'>sentiret</span> 
     </span>
     <span class='ocr_line' id='line_1_14' title="bbox 946 2156 3195 2242; baseline -0.002 -18"><span class='ocrx_word' id='word_1_102' title='bbox 946 2158 1457 2242; x_wconf 82' lang='lat' dir='ltr'>exprompsisse</span> <span class='ocrx_word' id='word_1_103' title='bbox 1499 2173 1513 2223; x_wconf 90' lang='lat'>:</span> <span class='ocrx_word' id='word_1_104' title='bbox 1553 2156 1725 2222; x_wconf 86' lang='lat' dir='ltr'>nihil</span> <span class='ocrx_word' id='word_1_105' title='bbox 1756 2156 1972 2237; x_wconf 89' lang='lat' dir='ltr'>aliud,</span> <span class='ocrx_word' id='word_1_106' title='bbox 2006 2156 2063 2221; x_wconf 91' lang='lat' dir='ltr'>si</span> <span class='ocrx_word' id='word_1_107' title='bbox 2096 2156 2181 2221; x_wconf 89' lang='lat' dir='ltr'>iis</span> <span class='ocrx_word' id='word_1_108' title='bbox 2212 2156 2538 2239; x_wconf 85' lang='lat' dir='ltr'>creditur,</span> <span class='ocrx_word' id='word_1_109' title='bbox 2569 2157 2701 2222; x_wconf 92' lang='lat' dir='ltr'>Ars</span> <span class='ocrx_word' id='word_1_110' title='bbox 2749 2156 3018 2241; x_wconf 85' lang='lat' dir='ltr'>poetica</span> <span class='ocrx_word' id='word_1_111' title='bbox 3064 2158 3195 2233; x_wconf 86' lang='lat' dir='ltr'>est,</span> 
     </span>
     <span class='ocr_line' id='line_1_15' title="bbox 946 2270 3201 2357; baseline -0.001 -20"><span class='ocrx_word' id='word_1_112' title='bbox 946 2272 1078 2338; x_wconf 91' lang='lat' dir='ltr'>nisi</span> <span class='ocrx_word' id='word_1_113' title='bbox 1107 2275 1447 2357; x_wconf 80' lang='lat' dir='ltr'>tropaeum</span> <span class='ocrx_word' id='word_1_114' title='bbox 1479 2290 1565 2337; x_wconf 80' lang='lat' dir='ltr'>ex</span> <span class='ocrx_word' id='word_1_115' title='bbox 1597 2271 2022 2355; x_wconf 88' lang='lat' dir='ltr'>triumphata</span> <span class='ocrx_word' id='word_1_116' title='bbox 2073 2270 2354 2335; x_wconf 86' lang='lat' dir='ltr'>Pleiade</span> <span class='ocrx_word' id='word_1_117' title='bbox 2388 2271 2705 2336; x_wconf 86' lang='lat' dir='ltr'>relatum.</span> <span class='ocrx_word' id='word_1_118' title='bbox 2758 2271 3016 2336; x_wconf 86' lang='lat' dir='ltr'>Neutra</span> <span class='ocrx_word' id='word_1_119' title='bbox 3050 2270 3201 2353; x_wconf 91' lang='lat' dir='ltr'>qui-</span> 
     </span>
     <span class='ocr_line' id='line_1_16' title="bbox 945 2383 3196 2470; baseline -0.002 -19"><span class='ocrx_word' id='word_1_120' title='bbox 945 2386 1105 2451; x_wconf 93' lang='lat' dir='ltr'>dem</span> <span class='ocrx_word' id='word_1_121' title='bbox 1162 2386 1502 2451; x_wconf 87' lang='lat' dir='ltr'>sententia</span> <span class='ocrx_word' id='word_1_122' title='bbox 1549 2385 1751 2469; x_wconf 90' lang='lat' dir='ltr'>plane</span> <span class='ocrx_word' id='word_1_123' title='bbox 1803 2384 2183 2470; x_wconf 85' lang='lat' dir='ltr'>probabilis</span> <span class='ocrx_word' id='word_1_124' title='bbox 2234 2384 2435 2449; x_wconf 89' lang='lat' dir='ltr'>nobis</span> <span class='ocrx_word' id='word_1_125' title='bbox 2496 2383 2809 2468; x_wconf 78' lang='lat' dir='ltr'>videtur3</span> <span class='ocrx_word' id='word_1_126' title='bbox 2857 2383 2978 2448; x_wconf 91' lang='lat' dir='ltr'>illa</span> <span class='ocrx_word' id='word_1_127' title='bbox 3032 2402 3196 2448; x_wconf 89' lang='lat' dir='ltr'>vero</span> 
     </span>
     <span class='ocr_line' id='line_1_17' title="bbox 945 2498 2483 2585; baseline -0.003 -20"><span class='ocrx_word' id='word_1_128' title='bbox 945 2500 1228 2585; x_wconf 90' lang='lat' dir='ltr'>propius</span> <span class='ocrx_word' id='word_1_129' title='bbox 1261 2519 1467 2584; x_wconf 87' lang='lat' dir='ltr'>quam</span> <span class='ocrx_word' id='word_1_130' title='bbox 1498 2499 1651 2564; x_wconf 81' lang='lat' dir='ltr'>haec</span> <span class='ocrx_word' id='word_1_131' title='bbox 1684 2499 1771 2563; x_wconf 87' lang='lat' dir='ltr'>ad</span> <span class='ocrx_word' id='word_1_132' title='bbox 1801 2499 2160 2563; x_wconf 85' lang='lat' dir='ltr'>veritatem</span> <span class='ocrx_word' id='word_1_133' title='bbox 2195 2498 2483 2563; x_wconf 87' lang='lat' dir='ltr'>accedit.</span> 
     </span>
    </p>

    <p class='ocr_par' dir='ltr' id='par_1_5' title="bbox 943 2609 3259 4516">
     <span class='ocr_line' id='line_1_18' title="bbox 1034 2609 3197 2695; baseline -0.003 -15"><span class='ocrx_word' id='word_1_134' title='bbox 1034 2614 1250 2680; x_wconf 87' lang='lat' dir='ltr'>Multa</span> <span class='ocrx_word' id='word_1_135' title='bbox 1282 2617 1513 2679; x_wconf 87' lang='lat' dir='ltr'>tamen</span> <span class='ocrx_word' id='word_1_136' title='bbox 1548 2615 1730 2692; x_wconf 88' lang='lat' dir='ltr'>sunt,</span> <span class='ocrx_word' id='word_1_137' title='bbox 1770 2632 1856 2677; x_wconf 83' lang='lat' dir='ltr'>ex</span> <span class='ocrx_word' id='word_1_138' title='bbox 1893 2612 2140 2695; x_wconf 89' lang='lat' dir='ltr'>quibus</span> <span class='ocrx_word' id='word_1_139' title='bbox 2176 2615 2405 2695; x_wconf 87' lang='lat' dir='ltr'>pateat</span> <span class='ocrx_word' id='word_1_140' title='bbox 2434 2610 2746 2675; x_wconf 85' lang='lat' dir='ltr'>nonnihil</span> <span class='ocrx_word' id='word_1_141' title='bbox 2779 2609 3197 2676; x_wconf 86' lang='lat' dir='ltr'>discriminis</span> 
     </span>
     <span class='ocr_line' id='line_1_19' title="bbox 945 2720 3191 2806; baseline -0.003 -15"><span class='ocrx_word' id='word_1_142' title='bbox 945 2727 1124 2791; x_wconf 88' lang='lat' dir='ltr'>inter</span> <span class='ocrx_word' id='word_1_143' title='bbox 1185 2724 1536 2789; x_wconf 83' lang='lat' dir='ltr'>Valkelini</span> <span class='ocrx_word' id='word_1_144' title='bbox 1580 2722 2055 2806; x_wconf 87' lang='lat' dir='ltr'>Ronsardique</span> <span class='ocrx_word' id='word_1_145' title='bbox 2100 2722 2533 2806; x_wconf 82' lang='lat' dir='ltr'>disciplinam</span> <span class='ocrx_word' id='word_1_146' title='bbox 2594 2723 2949 2788; x_wconf 87' lang='lat' dir='ltr'>interesse.</span> <span class='ocrx_word' id='word_1_147' title='bbox 3021 2720 3191 2786; x_wconf 89' lang='lat' dir='ltr'>Illud</span> 
     </span>
     <span class='ocr_line' id='line_1_20' title="bbox 945 2832 3198 2928; baseline -0.002 -26"><span class='ocrx_word' id='word_1_148' title='bbox 945 2838 1244 2924; x_wconf 91' lang='lat' dir='ltr'>primum</span> <span class='ocrx_word' id='word_1_149' title='bbox 1287 2834 1978 2901; x_wconf 83' lang='lat' dir='ltr'>animadvertendum</span> <span class='ocrx_word' id='word_1_150' title='bbox 2010 2837 2137 2916; x_wconf 84' lang='lat' dir='ltr'>est,</span> <span class='ocrx_word' id='word_1_151' title='bbox 2171 2833 2640 2916; x_wconf 85' lang='lat' dir='ltr'>Valkelinum,</span> <span class='ocrx_word' id='word_1_152' title='bbox 2675 2833 2990 2918; x_wconf 77' lang='lat' dir='ltr'>quamvis</span> <span class='ocrx_word' id='word_1_153' title='bbox 3025 2832 3198 2928; x_wconf 64' lang='lat' dir='ltr'>pris-5</span> 
     </span>
     <span class='ocr_line' id='line_1_21' title="bbox 946 2949 3197 3036; baseline -0.002 -18"><span class='ocrx_word' id='word_1_154' title='bbox 946 2972 1186 3018; x_wconf 87' lang='lat' dir='ltr'>carum</span> <span class='ocrx_word' id='word_1_155' title='bbox 1221 2954 1504 3016; x_wconf 71' lang='lat' dir='ltr'>aetatum</span> <span class='ocrx_word' id='word_1_156' title='bbox 1535 2968 1795 3032; x_wconf 82' lang='lat' dir='ltr'>genera</span> <span class='ocrx_word' id='word_1_157' title='bbox 1831 2968 2175 3036; x_wconf 82' lang='lat' dir='ltr'>operaque</span> <span class='ocrx_word' id='word_1_158' title='bbox 2211 2949 2478 3014; x_wconf 88' lang='lat' dir='ltr'>minimi</span> <span class='ocrx_word' id='word_1_159' title='bbox 2514 2949 2741 3015; x_wconf 86' lang='lat' dir='ltr'>facere</span> <span class='ocrx_word' id='word_1_160' title='bbox 2776 2949 3020 3030; x_wconf 82' lang='lat' dir='ltr'>soleat,</span> <span class='ocrx_word' id='word_1_161' title='bbox 3060 2965 3197 3014; x_wconf 91' lang='lat' dir='ltr'>non</span> 
     </span>
     <span class='ocr_line' id='line_1_22' title="bbox 943 3049 3259 3146; baseline -0.001 -15"><span class='ocrx_word' id='word_1_162' title='bbox 943 3069 1179 3131; x_wconf 87' lang='lat' dir='ltr'>tamen</span> <span class='ocrx_word' id='word_1_163' title='bbox 1212 3083 1296 3128; x_wconf 90' lang='lat' dir='ltr'>ea</span> <span class='ocrx_word' id='word_1_164' title='bbox 1331 3062 1610 3128; x_wconf 86' lang='lat' dir='ltr'>omnino</span> <span class='ocrx_word' id='word_1_165' title='bbox 1647 3049 1992 3145; x_wconf 82' lang='lat' dir='ltr'>rejecisse.</span> <span class='ocrx_word' id='word_1_166' title='bbox 2019 3065 2236 3127; x_wconf 89' lang='lat' dir='ltr'>Immo</span> <span class='ocrx_word' id='word_1_167' title='bbox 2262 3060 2636 3129; x_wconf 69' lang='lat' dir='ltr'>moralibus</span> <span class='ocrx_word' id='word_1_168' title='bbox 2656 3062 2907 3146; x_wconf 91' lang='lat' dir='ltr'>prioris</span> <span class='ocrx_word' id='word_1_169' title='bbox 2944 3081 3197 3128; x_wconf 82' lang='lat' dir='ltr'>scaenae</span> <span class='ocrx_word' id='word_1_170' title='bbox 3258 3079 3259 3082; x_wconf 73' lang='grc'>’</span> 
     </span>
     <span class='ocr_line' id='line_1_23' title="bbox 943 3176 3199 3268; baseline -0.002 -22"><span class='ocrx_word' id='word_1_171' title='bbox 943 3177 1233 3268; x_wconf 70' lang='lat' dir='ltr'>sabulis,</span> <span class='ocrx_word' id='word_1_172' title='bbox 1287 3177 1548 3243; x_wconf 82' lang='lat' dir='ltr'>festivis</span> <span class='ocrx_word' id='word_1_173' title='bbox 1608 3178 1948 3260; x_wconf 89' lang='lat' dir='ltr'>majorum</span> <span class='ocrx_word' id='word_1_174' title='bbox 2005 3177 2365 3242; x_wconf 85' lang='lat' dir='ltr'>cantilenis</span> <span class='ocrx_word' id='word_1_175' title='bbox 2420 3176 2659 3242; x_wconf 85' lang='lat' dir='ltr'>laudes</span> <span class='ocrx_word' id='word_1_176' title='bbox 2713 3176 3074 3259; x_wconf 86' lang='lat' dir='ltr'>quasdam,</span> <span class='ocrx_word' id='word_1_177' title='bbox 3124 3181 3199 3241; x_wconf 88' lang='lat' dir='ltr'>ut</span> 
     </span>
     <span class='ocr_line' id='line_1_24' title="bbox 945 3290 3192 3383; baseline -0.002 -22"><span class='ocrx_word' id='word_1_178' title='bbox 945 3313 1156 3383; x_wconf 87' lang='lat' dir='ltr'>supra</span> <span class='ocrx_word' id='word_1_179' title='bbox 1190 3292 1484 3358; x_wconf 87' lang='lat' dir='ltr'>relatum</span> <span class='ocrx_word' id='word_1_180' title='bbox 1520 3293 1648 3373; x_wconf 89' lang='lat' dir='ltr'>est,</span> <span class='ocrx_word' id='word_1_181' title='bbox 1684 3291 1978 3356; x_wconf 84' lang='lat' dir='ltr'>libenter</span> <span class='ocrx_word' id='word_1_182' title='bbox 2012 3291 2271 3356; x_wconf 87' lang='lat' dir='ltr'>tribuit.</span> <span class='ocrx_word' id='word_1_183' title='bbox 2324 3294 2479 3376; x_wconf 90' lang='lat' dir='ltr'>Ipsa</span> <span class='ocrx_word' id='word_1_184' title='bbox 2531 3296 2761 3357; x_wconf 87' lang='lat' dir='ltr'>autem</span> <span class='ocrx_word' id='word_1_185' title='bbox 2806 3290 3192 3375; x_wconf 84' lang='lat' dir='ltr'>diligentia,</span> 
     </span>
     <span class='ocr_line' id='line_1_25' title="bbox 945 3405 3196 3493; baseline -0.002 -19"><span class='ocrx_word' id='word_1_186' title='bbox 945 3427 1082 3493; x_wconf 89' lang='lat' dir='ltr'>qua</span> <span class='ocrx_word' id='word_1_187' title='bbox 1115 3406 1364 3473; x_wconf 86' lang='lat' dir='ltr'>mediae</span> <span class='ocrx_word' id='word_1_188' title='bbox 1409 3406 1634 3472; x_wconf 81' lang='lat' dir='ltr'>aetatis</span> <span class='ocrx_word' id='word_1_189' title='bbox 1668 3407 2114 3471; x_wconf 87' lang='lat' dir='ltr'>monumenta</span> <span class='ocrx_word' id='word_1_190' title='bbox 2152 3406 2588 3489; x_wconf 87' lang='lat' dir='ltr'>persequitur</span> <span class='ocrx_word' id='word_1_191' title='bbox 2619 3424 2701 3470; x_wconf 89' lang='lat' dir='ltr'>ac</span> <span class='ocrx_word' id='word_1_192' title='bbox 2730 3405 3021 3488; x_wconf 74' lang='lat' dir='ltr'>colligit,</span> <span class='ocrx_word' id='word_1_193' title='bbox 3059 3423 3196 3471; x_wconf 90' lang='lat' dir='ltr'>non</span> 
     </span>
     <span class='ocr_line' id='line_1_26' title="bbox 947 3520 3198 3605; baseline -0.002 -16"><span class='ocrx_word' id='word_1_194' title='bbox 947 3542 1106 3589; x_wconf 93' lang='lat' dir='ltr'>eum</span> <span class='ocrx_word' id='word_1_195' title='bbox 1146 3541 1300 3589; x_wconf 91' lang='lat' dir='ltr'>esse</span> <span class='ocrx_word' id='word_1_196' title='bbox 1345 3521 1643 3587; x_wconf 86' lang='lat' dir='ltr'>ostendit</span> <span class='ocrx_word' id='word_1_197' title='bbox 1689 3520 2162 3601; x_wconf 79' lang='lat' dir='ltr'>Valkelinum,</span> <span class='ocrx_word' id='word_1_198' title='bbox 2197 3520 2339 3604; x_wconf 81' lang='lat' dir='ltr'>qui,</span> <span class='ocrx_word' id='word_1_199' title='bbox 2391 3521 2579 3587; x_wconf 84' lang='lat' dir='ltr'>volut</span> <span class='ocrx_word' id='word_1_200' title='bbox 2629 3521 3029 3587; x_wconf 89' lang='lat' dir='ltr'>Ronsardus</span> <span class='ocrx_word' id='word_1_201' title='bbox 3060 3521 3198 3605; x_wconf 86' lang='lat' dir='ltr'>pri-</span> 
     </span>
     <span class='ocr_line' id='line_1_27' title="bbox 948 3633 3198 3720; baseline -0.001 -19"><span class='ocrx_word' id='word_1_202' title='bbox 948 3636 1180 3720; x_wconf 90' lang='lat' dir='ltr'>mique</span> <span class='ocrx_word' id='word_1_203' title='bbox 1215 3637 1362 3718; x_wconf 87' lang='lat' dir='ltr'>ejus</span> <span class='ocrx_word' id='word_1_204' title='bbox 1401 3633 1746 3718; x_wconf 90' lang='lat' dir='ltr'>discipuli,</span> <span class='ocrx_word' id='word_1_205' title='bbox 1784 3633 2114 3718; x_wconf 88' lang='lat' dir='ltr'>quidquid</span> <span class='ocrx_word' id='word_1_206' title='bbox 2161 3634 2232 3698; x_wconf 92' lang='lat' dir='ltr'>in</span> <span class='ocrx_word' id='word_1_207' title='bbox 2271 3634 2528 3717; x_wconf 80' lang='lat' dir='ltr'>gallica</span> <span class='ocrx_word' id='word_1_208' title='bbox 2563 3635 2756 3718; x_wconf 89' lang='lat' dir='ltr'>poesi</span> <span class='ocrx_word' id='word_1_209' title='bbox 2809 3634 3198 3701; x_wconf 88' lang='lat' dir='ltr'>vernaculis</span> 
     </span>
     <span class='ocr_line' id='line_1_28' title="bbox 948 3748 3196 3835; baseline -0.002 -18"><span class='ocrx_word' id='word_1_210' title='bbox 948 3755 1277 3835; x_wconf 87' lang='lat' dir='ltr'>tanquam</span> <span class='ocrx_word' id='word_1_211' title='bbox 1336 3750 1683 3815; x_wconf 90' lang='lat' dir='ltr'>radicibus</span> <span class='ocrx_word' id='word_1_212' title='bbox 1742 3748 2078 3830; x_wconf 88' lang='lat' dir='ltr'>innititur,</span> <span class='ocrx_word' id='word_1_213' title='bbox 2143 3749 2329 3813; x_wconf 91' lang='lat' dir='ltr'>omni</span> <span class='ocrx_word' id='word_1_214' title='bbox 2380 3749 2727 3816; x_wconf 81' lang='lat' dir='ltr'>oblivione</span> <span class='ocrx_word' id='word_1_215' title='bbox 2788 3749 3196 3833; x_wconf 88' lang='lat' dir='ltr'>silentioque</span> 
     </span>
     <span class='ocr_line' id='line_1_29' title="bbox 951 3861 3192 3950; baseline -0.003 -19"><span class='ocrx_word' id='word_1_216' title='bbox 951 3864 1232 3950; x_wconf 89' lang='lat' dir='ltr'>sepeliri</span> <span class='ocrx_word' id='word_1_217' title='bbox 1281 3863 1466 3928; x_wconf 87' lang='lat' dir='ltr'>velit.</span> <span class='ocrx_word' id='word_1_218' title='bbox 1507 3864 1657 3928; x_wconf 89' lang='lat' dir='ltr'>Non</span> <span class='ocrx_word' id='word_1_219' title='bbox 1708 3861 2159 3927; x_wconf 89' lang='lat' dir='ltr'>dubitandum</span> <span class='ocrx_word' id='word_1_220' title='bbox 2207 3865 2334 3936; x_wconf 86' lang='lat' dir='ltr'>est,</span> <span class='ocrx_word' id='word_1_221' title='bbox 2378 3863 2543 3945; x_wconf 90' lang='lat' dir='ltr'>quin</span> <span class='ocrx_word' id='word_1_222' title='bbox 2595 3866 2726 3930; x_wconf 88' lang='lat' dir='ltr'>Ars</span> <span class='ocrx_word' id='word_1_223' title='bbox 2769 3863 3062 3948; x_wconf 82' lang='lat' dir='ltr'>poetica,</span> <span class='ocrx_word' id='word_1_224' title='bbox 3113 3862 3192 3941; x_wconf 86' lang='lat' dir='ltr'>si,</span> 
     </span>
     <span class='ocr_line' id='line_1_30' title="bbox 952 3975 3197 4062; baseline -0.001 -19"><span class='ocrx_word' id='word_1_225' title='bbox 952 3979 1213 4062; x_wconf 88' lang='lat' dir='ltr'>aliquot</span> <span class='ocrx_word' id='word_1_226' title='bbox 1258 3981 1416 4042; x_wconf 87' lang='lat' dir='ltr'>ante</span> <span class='ocrx_word' id='word_1_227' title='bbox 1459 3994 1702 4057; x_wconf 82' lang='lat' dir='ltr'>annOS,</span> <span class='ocrx_word' id='word_1_228' title='bbox 1754 3993 1798 4040; x_wconf 88' lang='lat' dir='ltr'>a</span> <span class='ocrx_word' id='word_1_229' title='bbox 1854 3975 2158 4058; x_wconf 91' lang='lat' dir='ltr'>quolibet</span> <span class='ocrx_word' id='word_1_230' title='bbox 2206 3976 2506 4042; x_wconf 90' lang='lat' dir='ltr'>Pleiadis</span> <span class='ocrx_word' id='word_1_231' title='bbox 2565 3981 2768 4061; x_wconf 87' lang='lat' dir='ltr'>poeta</span> <span class='ocrx_word' id='word_1_232' title='bbox 2819 3976 3197 4062; x_wconf 85' lang='lat' dir='ltr'>composita</span> 
     </span>
     <span class='ocr_line' id='line_1_31' title="bbox 952 4089 3196 4173; baseline -0.001 -15"><span class='ocrx_word' id='word_1_233' title='bbox 952 4096 1158 4173; x_wconf 83' lang='lat' dir='ltr'>esset,</span> <span class='ocrx_word' id='word_1_234' title='bbox 1228 4091 1487 4157; x_wconf 90' lang='lat' dir='ltr'>nullam</span> <span class='ocrx_word' id='word_1_235' title='bbox 1537 4089 1936 4155; x_wconf 81' lang='lat' dir='ltr'>domesticae</span> <span class='ocrx_word' id='word_1_236' title='bbox 1982 4090 2342 4155; x_wconf 86' lang='lat' dir='ltr'>vetustatis</span> <span class='ocrx_word' id='word_1_237' title='bbox 2395 4109 2631 4156; x_wconf 88' lang='lat' dir='ltr'>curam</span> <span class='ocrx_word' id='word_1_238' title='bbox 2687 4091 3072 4171; x_wconf 86' lang='lat' dir='ltr'>habuisset,</span> <span class='ocrx_word' id='word_1_239' title='bbox 3132 4092 3196 4156; x_wconf 86' lang='lat' dir='ltr'>et</span> 
     </span>
     <span class='ocr_line' id='line_1_32' title="bbox 952 4201 3196 4288; baseline -0.001 -19"><span class='ocrx_word' id='word_1_240' title='bbox 952 4203 1279 4288; x_wconf 90' lang='lat' dir='ltr'>quidquid</span> <span class='ocrx_word' id='word_1_241' title='bbox 1303 4220 1693 4285; x_wconf 61' lang='lat' dir='ltr'>graec-arum</span> <span class='ocrx_word' id='word_1_242' title='bbox 1719 4201 2226 4283; x_wconf 84' lang='lat' dir='ltr'>latinarumque</span> <span class='ocrx_word' id='word_1_243' title='bbox 2245 4201 2631 4269; x_wconf 86' lang='lat' dir='ltr'>litterarum</span> <span class='ocrx_word' id='word_1_244' title='bbox 2659 4202 2918 4269; x_wconf 90' lang='lat' dir='ltr'>lumine</span> <span class='ocrx_word' id='word_1_245' title='bbox 2937 4203 3196 4268; x_wconf 87' lang='lat' dir='ltr'>caruis-</span> 
     </span>
     <span class='ocr_line' id='line_1_33' title="bbox 950 4317 3196 4403; baseline -0.002 -16"><span class='ocrx_word' id='word_1_246' title='bbox 950 4323 1078 4399; x_wconf 84' lang='lat' dir='ltr'>set,</span> <span class='ocrx_word' id='word_1_247' title='bbox 1113 4318 1383 4403; x_wconf 89' lang='lat' dir='ltr'>penitus</span> <span class='ocrx_word' id='word_1_248' title='bbox 1405 4317 1849 4400; x_wconf 80' lang='lat' dir='ltr'>exstinguere</span> <span class='ocrx_word' id='word_1_249' title='bbox 1867 4320 2047 4381; x_wconf 90' lang='lat' dir='ltr'>esset</span> <span class='ocrx_word' id='word_1_250' title='bbox 2066 4318 2753 4385; x_wconf 86' lang='lat' dir='ltr'>conata.Valkelinus</span> <span class='ocrx_word' id='word_1_251' title='bbox 2776 4321 3015 4384; x_wconf 88' lang='lat' dir='ltr'>contra</span> <span class='ocrx_word' id='word_1_252' title='bbox 3041 4336 3196 4383; x_wconf 91' lang='lat' dir='ltr'>nus—</span> 
     </span>
     <span class='ocr_line' id='line_1_34' title="bbox 951 4427 3197 4516; baseline -0.001 -19"><span class='ocrx_word' id='word_1_253' title='bbox 951 4451 1155 4516; x_wconf 87' lang='lat' dir='ltr'>quam</span> <span class='ocrx_word' id='word_1_254' title='bbox 1178 4430 1561 4509; x_wconf 84' lang='lat' dir='ltr'>committit,</span> <span class='ocrx_word' id='word_1_255' title='bbox 1594 4433 1666 4494; x_wconf 91' lang='lat' dir='ltr'>ut</span> <span class='ocrx_word' id='word_1_256' title='bbox 1693 4427 1980 4493; x_wconf 89' lang='lat' dir='ltr'>amedia</span> <span class='ocrx_word' id='word_1_257' title='bbox 2005 4431 2207 4494; x_wconf 78' lang='lat' dir='ltr'>aetate</span> <span class='ocrx_word' id='word_1_258' title='bbox 2227 4430 2682 4496; x_wconf 89' lang='lat' dir='ltr'>recentiorem</span> <span class='ocrx_word' id='word_1_259' title='bbox 2696 4431 2926 4516; x_wconf 89' lang='lat' dir='ltr'>poesis</span> <span class='ocrx_word' id='word_1_260' title='bbox 2946 4435 3197 4496; x_wconf 84' lang='lat' dir='ltr'>nostrae</span> 
     </span>
    </p>
   </div>
   <div class='ocr_carea' id='block_1_5' title="bbox 949 4597 1296 4609">
    <p class='ocr_par' dir='ltr' id='par_1_6' title="bbox 949 4597 1296 4609">
     <span class='ocr_line' id='line_1_35' title="bbox 949 4597 1296 4609; baseline 0 1120"><span class='ocrx_word' id='word_1_261' title='bbox 949 4597 1296 4609; x_wconf 95' lang='lat' dir='ltr'> </span> 
     </span>
    </p>
   </div>
   <div class='ocr_carea' id='block_1_6' title="bbox 1003 4689 1890 4745">
    <p class='ocr_par' dir='ltr' id='par_1_7' title="bbox 1003 4689 1890 4745">
     <span class='ocr_line' id='line_1_36' title="bbox 1003 4689 1890 4745; baseline -0.001 -13"><span class='ocrx_word' id='word_1_262' title='bbox 1003 4689 1066 4744; x_wconf 70' lang='lat' dir='ltr'>(l)</span> <span class='ocrx_word' id='word_1_263' title='bbox 1095 4690 1273 4745; x_wconf 76' lang='lat' dir='ltr'>Genty.</span> <span class='ocrx_word' id='word_1_264' title='bbox 1296 4692 1428 4733; x_wconf 71' lang='lat' dir='ltr'>Artis</span> <span class='ocrx_word' id='word_1_265' title='bbox 1443 4691 1632 4744; x_wconf 75' lang='lat' dir='ltr'>poeticae</span> <span class='ocrx_word' id='word_1_266' title='bbox 1652 4689 1890 4743; x_wconf 75' lang='lat' dir='ltr'>prael&#39;atio.</span> 
     </span>
    </p>
   </div>
  </div>
 </body>
</html>
