3561 5729
1260 665 1574 727 ..45-

288 827 472 876 anno
521 810 759 875 Artem
793 806 1133 895 poeticam
1179 806 1418 889 edidit,
1469 809 1730 892 septem
1761 806 2145 891 jamannis
2180 808 2542 895 postquam
2654 829 2666 840 ·

288 919 785 1010 Defensionem
852 922 916 988 et
969 917 1512 987 illustrationem
1560 916 1895 1006 francic-ce
1944 916 2200 1007 linquoe
2247 919 2550 987 Bellaius

291 1036 641 1103 emiserat.
679 1037 941 1118 Itaque,
976 1032 1293 1119 quamvis
1319 1033 1466 1116 ejus
1492 1032 1634 1098 vita
1663 1031 1734 1097 in
1768 1031 1941 1098 duas
1966 1036 2196 1118 partes
2230 1032 2551 1098 distribui

295 1149 539 1237 possit,
567 1166 859 1233 quarum
894 1165 1032 1213 una
1059 1147 1146 1212 ad
1184 1136 1456 1228 Maroti,
1489 1145 1710 1212 altera
1741 1145 1831 1211 ad
1867 1146 2207 1213 Ronsardi
2239 1149 2555 1234 tempora

295 1264 661 1345 referatur,
700 1261 862 1328 huic
900 1269 1130 1327 tamen
1167 1261 1382 1326 multo
1417 1259 1789 1327 artioribus
1829 1260 2125 1329 vinculis
2164 1261 2346 1328 Artis
2389 1280 2556 1348 poe·

294 1377 455 1444 ticae
485 1378 726 1443 auctor
759 1394 914 1442 sese
946 1373 1270 1460 applicat.

384 1495 628 1560 Totum
663 1509 836 1576 opus
870 1490 942 1555 in
977 1489 1150 1555 duos
1191 1488 1406 1555 libros
1446 1487 1766 1555 divisum.
1809 1490 1887 1554 In
1920 1488 2175 1575 priore,
2215 1489 2445 1578 poesis
2485 1491 2555 1556 et

299 1607 711 1673 vetustatem
748 1606 816 1669 et
849 1602 1335 1669 excellentiam
1373 1600 1806 1684 PelletariuS,
1857 1605 1935 1668 ut
1967 1601 2288 1668 Sibiletus
2323 1605 2553 1682 antea,

299 1719 671 1804 magnifice
705 1716 1075 1803 praedicat3
1128 1718 1273 1781 tum
1310 1734 1475 1782 vero
1520 1714 1605 1781 de
1656 1718 1907 1780 natura
1943 1718 2011 1782 et
2052 1720 2201 1781 arte
2253 1714 2554 1795 disserit,

299 1836 575 1921 poetam
619 1851 774 1897 cum
811 1833 1084 1897 oratore
1126 1829 1415 1908 confert,
1460 1830 1541 1895 de
1583 1828 1965 1895 imitatione
2007 1832 2074 1895 et
2107 1829 2558 1896 conversione

302 1948 652 2034 praecepta
703 1945 937 2025 tradit,
978 1943 1186 2028 gallis
1235 1943 1508 2009 vatibus
1555 1942 1945 2028 praescribit
1996 1945 2070 2009 ut
2107 1942 2558 2009 domesticum

304 2078 695 2128 sermonem
732 2076 868 2124 non
902 2057 1388 2141 dedignentur.
1428 2056 1625 2122 Haud
1661 2058 1926 2144 spectat
1948 2056 2035 2122 ad
2071 2060 2382 2123 nostrum
2402 2076 2563 2143 pro-

306 2173 607 2264 positum
651 2172 805 2239 haec
855 2170 1105 2256 prioris
1156 2169 1315 2236 libri
1364 2170 1591 2258 capita
1638 2169 1995 2258 persequi3
2058 2169 2176 2236 vix
2230 2170 2412 2236 enim
2471 2170 2560 2237 ad

309 2286 689 2372 quamlibet
735 2285 1075 2375 poeticam
1130 2285 1460 2371 pertinet,
1512 2287 1669 2351 utra
1720 2283 1875 2369 plus
1921 2284 2180 2366 valeat,
2226 2288 2562 2353 naturane

311 2402 462 2468 sine
491 2402 675 2482 arte,
701 2418 792 2465 an
827 2417 942 2466 ars
973 2398 1122 2465 sine
1157 2401 1429 2480 natura,
1466 2397 1828 2464 verbosius
1857 2398 2234 2486 disputare,
2263 2398 2373 2465 vel
2401 2399 2564 2483 quid

315 2514 494 2581 inter
536 2516 881 2581 oratorem
927 2515 1290 2596 vatemque
1335 2511 1627 2592 intersit,
1667 2529 1824 2595 quae
1867 2530 2031 2578 vero
2079 2512 2258 2578 inter
2301 2514 2564 2599 poesim

312 2628 722 2712 dicendique
772 2626 1167 2694 facultatem
1217 2625 1553 2693 naturalis
1600 2626 1924 2709 cognatio
1973 2627 2562 2713 deprehendatur,

314 2743 527 2827 longa
572 2759 999 2831 operosaque
1041 2740 1537 2826 disceptatione
1579 2740 1969 2829 anquirere.
2024 2740 2342 2808 Ceterum
2393 2742 2565 2808 nihil

312 2857 385 2925 in
418 2857 527 2924 his
567 2856 1047 2924 communibus
1083 2855 1254 2923 locis
1303 2854 1613 2923 invenire
1651 2858 1897 2946 potest,
1941 2856 2121 2941 quod
2169 2855 2298 2942 ipsi
2345 2855 2568 2924 Pelle-

312 2971 490 3037 tario
524 2989 687 3038 vere
717 2971 806 3038 sit
836 2970 1217 3060 proprium.

403 3082 737 3150 Gallicam
761 3082 1013 3149 dehinc
1033 3081 1345 3167 linguam
1376 3081 1562 3150 Artis
1585 3081 1876 3170 poeticae
1905 3082 2199 3172 scriptor
2223 3082 2561 3170 explorat,

316 3196 745 3281 multumque
787 3215 869 3262 ac
917 3196 1033 3262 diu
1076 3196 1148 3261 in
1195 3196 1325 3262 hac
1370 3197 1750 3280 quaestione
1801 3198 2247 3281 immoratur;
2305 3217 2391 3264 ex
2435 3215 2570 3281 quo

317 3309 502 3375 enim
548 3309 891 3375 recentior
938 3311 1171 3376 vatum
1222 3311 1595 3394 proventus
1640 3310 1727 3375 ad
1777 3309 2134 3376 ditandum
2177 3327 2568 3376 sermonem

314 3423 623 3489 animum
675 3424 1100 3504 adverterat,
1157 3422 1349 3490 nulla
1401 3423 1609 3490 scribi
1667 3426 1935 3512 poterat
1985 3425 2150 3506 Ars,
2207 3442 2363 3508 quae
2429 3443 2569 3490 non

315 3554 557 3603 omnes
604 3536 848 3622 patriae
899 3535 1163 3621 linguae
1207 3555 1373 3621 opes
1411 3535 1784 3621 diligenter
1839 3537 2314 3621 investigaret,
2365 3536 2570 3604 doce-

316 3653 555 3735 retque
612 3653 777 3735 quot
830 3658 899 3717 et
958 3651 1207 3736 quibus
1258 3650 1481 3718 modis
1537 3651 1880 3736 augendae
1941 3654 2009 3718 et
2061 3651 2570 3736 amplificandae

317 3766 583 3830 essent.
642 3764 721 3828 In
766 3763 853 3829 iis
906 3764 1259 3846 omnibus,
1322 3782 1480 3849 quae
1532 3766 1618 3831 ad
1671 3783 2060 3832 sermonem
2103 3765 2425 3840 attinent.
2483 3784 2570 3832 ne

319 3877 730 3945 Valkelinus
792 3878 1103 3963 quidem,
1170 3880 1364 3963 cujus
1424 3879 1764 3968 poeticam
1819 3898 1978 3946 mox
2030 3879 2569 3966 perpendemus,

319 3992 659 4059 Ronsardi
697 3995 1046 4078 praecepta
1079 3992 1504 4077 consiliaque
1539 3995 1799 4077 majore
1844 3993 2069 4060 studio
2108 4012 2315 4078 quam
2349 3993 2574 4060 Pelle-

318 4106 539 4174 tarius
572 4106 993 4191 exsequitur.
1026 4106 1131 4172 Ad
1161 4106 1294 4174 hoc
1319 4125 1521 4174 omne
1551 4107 1905 4192 ingenium
1944 4107 2327 4175 contulerat
2351 4108 2574 4175 Pleia-

323 4218 432 4286 dis
470 4219 815 4308 princepS,
857 4220 933 4285 ut
979 4219 1323 4308 poeticum
1367 4221 1709 4304 quendam
1744 4238 2135 4287 sermonem
2169 4222 2486 4305 fingeret,
2530 4235 2574 4288 a

323 4350 532 4423 prosa
568 4333 879 4400 oratione
927 4333 1323 4400 diversum:
1369 4336 1635 4401 cunctae
1678 4351 1845 4400 vero
1885 4335 2188 4402 rationes
2223 4335 2570 4420 modique,

326 4446 577 4531 quibus
610 4447 742 4513 hoc
785 4447 1209 4534 propositum
1256 4447 1531 4532 assequi
1578 4448 1690 4514 hic
1724 4451 2133 4531 tentaverat,
2181 4451 2379 4517 docet
2426 4451 2574 4537 ipse

326 4560 737 4627 Pelletarius
804 4570 872 4627 et
930 4562 1234 4627 maxima
1298 4561 1660 4646 diligentia
1721 4564 2057 4649 praecipit.
2130 4564 2484 4631 Vocabula
2539 4584 2578 4632 e

326 4673 573 4739 Graeca
614 4674 990 4757 Latinaque
1030 4661 1524 4741 consuetudine
1561 4679 1940 4761 assumpta,
1978 4677 2227 4760 quibus
2270 4678 2577 4746 modeste
