3561 5729
1624 1019 2097 1086 QUARTUM
2148 1017 2458 1081 CAPUT

1023 1269 1391 1327 QUATENUS
1439 1268 1800 1318 RONSARDI
1850 1268 2179 1316 VESTIGIA
2227 1268 2680 1317 VALKELINUS
2727 1269 2803 1318 IN
2850 1270 3041 1319 ARTE

1732 1394 2030 1444 POETICA
2079 1395 2351 1444 SERVET

904 1616 1150 1662 Ronsardi
1170 1616 1487 1673 disciplinam
1509 1616 1806 1661 Valkelinus
1837 1627 2088 1672 nunquam
2108 1616 2344 1671 descruit,
2366 1616 2453 1660 sed
2477 1627 2539 1659 ex
2559 1615 2790 1660 omnibus
2822 1616 3047 1669 magistri
3068 1617 3171 1661 dis-

956 1682 1151 1738 cipulis.
1179 1692 1266 1726 eos
1286 1682 1561 1726 voluntatis
1583 1682 1794 1737 quadam
1828 1683 2152 1726 inclinatione
2187 1682 2489 1738 anteposuit,
2512 1682 2594 1736 qui
2615 1682 2824 1736 primum
2844 1683 3168 1727 Ronsardicoe

957 1750 1110 1794 Musae
1131 1750 1369 1805 impetum
1390 1749 1620 1793 cohibere
1642 1750 1811 1803 potius
1834 1760 1981 1804 quam
2003 1760 2263 1805 properare
2285 1749 2561 1794 tentabant.
2588 1772 2643 1781 —
2661 1750 2891 1803 Quaenam
2917 1750 3019 1794 sint
3037 1751 3167 1796 inter

959 1815 1272 1860 Ronsardum
1311 1819 1360 1859 et
1391 1815 1708 1859 Valkelinum
1738 1816 1988 1872 praecipua
2014 1816 2335 1860 discrimina:
2374 1816 2497 1859 illud
2533 1815 2741 1871 primum
2778 1817 3047 1860 notandum
3074 1820 3166 1869 est,

959 1883 1198 1938 quidquid
1234 1883 1284 1925 in
1314 1882 1491 1935 gallica
1525 1882 1666 1937 poesi
1701 1882 1986 1926 vernaculis
2022 1882 2165 1938 quasi
2199 1882 2452 1926 radicibus
2483 1882 2709 1925 innititur
2729 1881 2928 1925 silentio
2964 1882 3170 1938 sepeliri

959 1947 1275 1993 Valkelinum
1306 1960 1402 1991 non
1429 1948 1557 2005 pati:
1593 1947 1715 1991 nihil
1751 1948 1802 1991 in
1827 1950 1946 1992 Arte
1980 1948 2243 2002 invenitur,
2279 1960 2338 1992 ex
2363 1960 2457 2004 quo
2492 1948 2661 2004 patriae
2685 1949 2855 2004 poesis
2876 1951 3168 2004 perpetuum

960 2017 1180 2057 tenorem
1201 2013 1381 2057 mediis
1402 2012 1572 2056 saeculi
1593 2013 1737 2056 annis
1758 2016 1960 2069 repente
1991 2014 2316 2069 interruptum
2338 2024 2453 2057 esse
2474 2014 2724 2069 appareat.
2750 2035 2803 2044 —
2821 2013 2957 2067 Quod
2981 2012 3043 2056 ad
3064 2023 3175 2055 ser-

959 2089 1155 2122 monem
1185 2079 1374 2133 attinet,
1409 2078 1555 2123 reicit
1588 2079 1800 2123 Poeticae
1836 2080 2048 2136 scriptor
2085 2079 2323 2134 quidquid
2352 2079 2600 2123 liberioris
2634 2078 2848 2122 licentiae
2880 2078 3173 2122 Ronsardus

960 2150 1254 2202 sumpserat.
1275 2169 1329 2178 -
1347 2146 1568 2190 Eandem
1600 2146 1901 2190 modestiam
1922 2148 1972 2190 in
1993 2147 2101 2202 ipsa
2121 2157 2354 2189 versuum
2376 2146 2742 2202 pangendorum
2775 2148 2878 2190 arte
2912 2148 3097 2189 servat.
3119 2168 3174 2177 —

960 2212 1087 2255 illud
1115 2212 1431 2256 valkelinum
1469 2224 1494 2256 a
1533 2212 1791 2256 Ronsardo
1827 2213 2042 2258 maxime
2081 2213 2311 2267 seiungit,
2349 2213 2479 2268 quod
2508 2213 2569 2256 ad
2599 2212 2919 2257 christianam
2954 2212 3174 2266 antiqui-

959 2280 1109 2322 tatem
1141 2281 1330 2334 poeta3‚
1369 2278 1476 2322 sive
1514 2279 1743 2334 tragicos,
1787 2279 1895 2323 sive
1930 2279 2115 2335 epicos,
2151 2281 2368 2323 revocat.
2404 2301 2459 2310 —
2495 2279 2565 2322 De
2601 2290 2741 2323 sacra
2766 2279 2905 2334 poesi
2941 2278 2991 2321 in
3024 2280 3169 2322 sexto

958 2344 1152 2389 decimo
1175 2345 1374 2388 soeculo.
1395 2368 1450 2377 —
1468 2344 1618 2401 Optat
1639 2346 1948 2400 Valkelinus‚
1975 2347 2031 2389 ut
2051 2345 2320 2389 christiana
2343 2347 2628 2398 argumenta
2659 2346 3040 2400 christianaeque
3061 2355 3174 2401 per·

961 2421 1096 2453 sonae
1135 2409 1197 2453 ad
1231 2411 1498 2465 perfectam
1533 2409 1746 2465 antiquae
1779 2410 1950 2465 poesis
1984 2411 2185 2453 sormam
2220 2409 2669 2454 accommodentur.
2704 2432 2758 2440 —
2789 2408 3028 2463 Quamvis
3071 2419 3173 2451 non

959 2475 1134 2519 eadem
1153 2487 1217 2518 ex
1238 2476 1469 2520 omnibus
1489 2474 1717 2531 partibus
1739 2476 1807 2518 sit
1826 2475 2083 2531 utriusque
2107 2474 2238 2519 vatis
2271 2474 2552 2530 disciplina,
2584 2474 2814 2519 universa
2838 2477 3002 2519 tamen
3032 2473 3169 2517 Artis

957 2543 1165 2599 poeticae
1187 2542 1407 2586 doctrina
1429 2542 1650 2597 ratioque
1678 2553 1738 2584 ex
1769 2542 2016 2586 Ronsardi
2034 2541 2298 2597 praeceptis
2328 2542 2523 2597 pendet.
2558 2564 2611 2572 —
2644 2541 2778 2584 Nihil
2807 2553 2869 2585 ex
2899 2540 3167 2586 Malherbae

959 2608 1204 2652 institutis
1225 2608 1502 2664 assumpsit
1522 2607 1617 2652 sibi
1639 2607 1947 2663 Valkelinu8‚
1972 2619 2128 2663 neque
2150 2608 2201 2651 in
2221 2608 2589 2652 condendorum
2611 2619 2843 2652 versuum
2864 2610 2982 2661 arte,
3007 2619 3170 2663 neque

961 2677 1014 2721 in
1033 2680 1134 2721 tota
1154 2678 1398 2722 sermonis
1419 2677 1701 2733 disciplina.
1720 2700 1774 2709 —
1802 2677 1929 2721 Eum
1948 2680 2129 2732 tamen,
2151 2678 2402 2723 moderato
2432 2678 2629 2730 ingenio
2656 2678 2965 2733 remissaque
2998 2677 3171 2722 indole

961 2745 1235 2801 praeditum‚
1259 2745 1386 2789 inter
1405 2745 1715 2789 Ronsardum
1737 2755 1794 2788 ac
1814 2744 2115 2790 Malherbam
2135 2745 2353 2788 medium
2386 2745 2543 2788 ruisse
2565 2744 2771 2789 concedi
2791 2746 2970 2801 potest,
2999 2745 3091 2789 sed
3111 2756 3170 2790 ea

963 2810 1087 2866 lege,
1107 2812 1162 2854 ut
1181 2822 1209 2855 a
1229 2809 1485 2855 Ronsardo
1504 2812 1665 2854 ortum
1685 2820 1801 2854 esse
1821 2809 2121 2855 Malherbam
2140 2809 2303 2868 ipsum
2323 2810 2636 2855 concedatur.

999 3029 1282 3098 Etiamsi
1316 3031 1749 3113 Valkelinus,
1784 3032 1858 3097 ut
1892 3030 2097 3116 paulo
2127 3030 2444 3116 superius
2473 3029 2771 3094 relatum
2812 3029 2941 3109 est,
2983 3028 3173 3093 Ron-

913 3143 1196 3210 sardum
1230 3141 1500 3210 summa
1545 3144 2002 3210 admiratione
2046 3144 2574 3228 reverentiaque
2624 3141 2929 3209 cumulet
2960 3144 3169 3224 atque

912 3276 1038 3343 pro
1078 3259 1251 3324 duce
1299 3262 1368 3323 et
1406 3259 1802 3344 exemplare
1839 3258 2114 3341 habeat,
2161 3277 2300 3324 non
2329 3261 2561 3323 tamen
2606 3256 2792 3321 illius
2831 3253 3171 3320 doctrinae

909 3371 1431 3457 disciplinaeque
1478 3374 1578 3439 sic
1621 3376 1725 3439 est
1776 3372 2115 3454 addictus,
2167 3375 2241 3439 ut
2285 3392 2440 3439 eam
2480 3391 2604 3458 per
2642 3371 2876 3438 omnia
2910 3373 3172 3436 temere

911 3490 1260 3571 sequatur.
1329 3489 1676 3563 Quatenus
1741 3488 2054 3572 magistri
2118 3487 2222 3554 sui
2283 3488 2584 3572 vestigia
2644 3485 2829 3553 Artis
2875 3484 3171 3571 poeticae

910 3600 1207 3684 scriptor
1242 3602 1583 3682 observet,
1608 3603 1757 3686 jam
1794 3601 1995 3668 nobis
2026 3606 2130 3668 est
2163 3602 2753 3687 perpendendum.

1004 3713 1136 3777 Per
1168 3712 1417 3778 multos
1451 3731 1669 3779 annos
1699 3715 1937 3778 Artem
1987 3713 2058 3777 in
2097 3714 2416 3779 manibus
2458 3713 2867 3778 Valkelinus
2899 3709 3167 3786 habuit,

915 3827 1286 3908 antequam
1337 3825 1679 3890 ederetur.
1742 3826 2040 3909 Operum
2087 3826 2393 3892 omnium
2449 3826 2954 3911 praefationem,
3013 3843 3168 3908 quae

917 3939 1155 4021 quinto
1185 3939 1458 4023 septimi
1494 3939 1738 4004 decimi
1777 3939 2015 4005 saeculi
2052 3958 2234 4006 anno
2274 3941 2530 4005 emissa
2572 3943 2755 4021 sunt,
2792 3938 2902 4005 his
2936 3938 3168 4004 verbis

917 4051 1184 4116 orditur
1227 4069 1241 4118 :
1301 4074 1333 4111 «
1386 4051 1698 4129 Lecteur‚
1745 4069 1823 4115 ce
1868 4053 2023 4116 sont
2063 4051 2150 4117 ici
2207 4051 2328 4117 des
2375 4051 2644 4118 vieilles
2702 4056 2770 4118 et
2826 4053 2948 4117 des
2998 4068 3171 4117 nou-

917 4161 1135 4228 velles
1165 4161 1435 4247 poesies
1469 4179 1483 4230 ε
1525 4162 1818 4244 vieilles,
1856 4182 1974 4228 car
2017 4164 2083 4229 la
2116 4164 2270 4249 plus
2301 4168 2454 4250 part
2487 4170 2642 4231 sont
2689 4183 3093 4250 composees
3122 4164 3167 4229 il

914 4296 960 4360 y
1021 4295 1065 4341 a
1114 4278 1545 4363 longtemps3
1609 4279 1992 4358 nouvelleS‚
2039 4298 2158 4344 car
2207 4297 2294 4344 on
2342 4280 2622 4346 n’escrit
2671 4279 2863 4365 point
2895 4281 2938 4345 a
2994 4282 3167 4346 cette

914 4387 1130 4453 heure
1175 4407 1440 4454 comme
1480 4408 1568 4454 on
1614 4388 1934 4455 escrivoit
1982 4390 2209 4472 quand
2260 4390 2429 4456 elles
2472 4393 2701 4456 surent
2740 4391 3049 4457 escriteS.
3099 4390 3162 4455 Si

914 4503 1085 4567 elles
1118 4520 1205 4567 ne
1235 4505 1391 4567 sont
1422 4502 1620 4568 telles
1653 4502 1940 4586 qu’elles
1971 4503 2250 4569 doivent
2279 4507 2485 4587 estre,
2521 4505 2689 4571 c'est
2713 4524 2874 4570 mon
2901 4503 3156 4586 detaut,

914 4636 1032 4684 car
1065 4617 1150 4683 de
1185 4635 1343 4683 mon
1373 4621 1596 4701 temps
1626 4635 1714 4681 on
1770 4616 2095 4682 escrivoit
2131 4635 2323 4683 assez
2360 4618 2540 4684 bien.
2581 4639 2615 4680 »
2665 4618 2820 4685 Non
2859 4616 3157 4684 dubitari
