3561 5729
1940 602 2259 663 -66-

975 750 1314 835 Quidquid
1371 749 1664 834 denique
1712 749 1803 814 de
1855 748 2086 815 atticae
2133 748 2762 824 comoediaeinitiis,
2822 750 2906 818 de
2969 770 3224 836 graecae

975 865 1339 949 tragoediae
1392 864 1661 948 origine
1718 863 2128 930 Valkelinus
2178 868 2514 930 memorat
2557 865 2643 930 ab
2699 865 3067 932 Aristotele
3117 867 3226 933 vel

975 979 1062 1043 ab
1101 978 1248 1061 ejus
1306 976 1798 1061 interpretibus
1839 977 2088 1043 hausta
2120 981 2277 1043 s'unt
2313 977 2398 1063 (l)
2431 996 2446 1045 :
2508 978 2595 1043 ab
2631 977 2716 1044 iis
2746 981 2930 1044 certe
2963 980 3228 1065 accepit

976 1092 1318 1177 quomodo
1354 1110 1477 1179 per
1515 1091 1960 1173 vindemiam,
1983 1092 2185 1174 juxta
2218 1092 2435 1158 altare
2469 1093 2576 1159 cui
2615 1072 2786 1159 hirci
2821 1096 2980 1158 exta
3010 1094 3230 1178 impo-

975 1207 1107 1273 sita
1141 1207 1360 1286 erant,
1418 1205 1941 1290 dithyrambicis
1990 1205 2411 1272 carminibus
2455 1207 2763 1273 Bacchus
2813 1210 3008 1291 pater
3050 1208 3231 1274 cele-

977 1321 1317 1398 braretur,
1357 1318 1740 1402 quibusque
1771 1317 2041 1384 vicibus
2071 1337 2156 1384 ex
2188 1319 2296 1385 his
2325 1318 2560 1402 lyricis
2594 1319 2910 1386 cantibus
2944 1324 3106 1385 nata
3138 1319 3231 1385 sit

974 1432 1320 1515 tragoedia
1348 1433 1416 1497 et
1455 1431 1839 1497 adoleverit
1875 1432 1986 1518 (2).

1065 1547 1157 1610 De
1190 1545 1404 1611 variis
1434 1545 1723 1630 poeticae
1758 1544 2134 1629 generibus
2174 1564 2312 1610 non
2348 1545 2547 1630 plura
2584 1547 3085 1614 absAristotele
3120 1566 3228 1613 ar-

976 1660 1273 1725 cessita:
1330 1659 1452 1725 sed
1508 1659 1732 1744 ipsum
1789 1676 2044 1741 graecae
2103 1657 2288 1724 Artis
2349 1659 2761 1744 principium
2823 1659 3228 1727 Valkelinus

975 1773 1289 1857 assumit,
1336 1773 1423 1839 ad
1455 1774 1635 1857 quod
1676 1772 2128 1861 philosophus
2157 1774 2370 1838 totam
2407 1774 2635 1861 poesis
2669 1778 2986 1840 naturam
3021 1775 3229 1842 ratio-

976 1908 1270 1973 nemque
1313 1889 1702 1972 redegerat.
1746 1887 1934 1952 Nihil
1975 1891 2207 1954 autem
2254 1888 2440 1953 aliud
2489 1890 2615 1963 est,
2665 1907 2871 1971 quam
2917 1889 3225 1955 imitandi

976 2002 1176 2069 nobis
1229 2002 1435 2068 insita
1486 2000 1776 2066 facultas
1807 2000 2125 2084 quaedam
2161 2019 2176 2086 ;
2217 1999 2413 2065 docet
2444 2000 2848 2067 Aristoteles
2879 2020 2964 2066 ex
2998 2000 3130 2066 hac
3162 2000 3226 2065 vi

977 2118 1197 2181 ortum
1255 2133 1408 2180 esse
1468 2116 1687 2180 totum
1746 2114 1971 2198 poetae
2019 2130 2192 2198 opus
2249 2115 2318 2179 et
2369 2112 2696 2195 officium,
2755 2133 2891 2197 qua
2951 2114 3228 2198 quidem

977 2228 1423 2293 vehementer
1459 2225 1765 2316 impulsi,
1808 2225 1955 2291 sive
1990 2243 2128 2308 res,
2167 2244 2323 2310 quae
2371 2225 2497 2291 sub
2531 2243 2776 2292 sensus
2809 2228 3082 2292 nostros
3123 2243 3230 2291 ca·

979 2342 1171 2421 dunt,
1196 2340 1341 2407 sive
1365 2340 1630 2426 species
1647 2340 1981 2424 quasdam
2002 2339 2236 2405 animo
2256 2341 2488 2405 nostro
2507 2341 2700 2405 fictas
2717 2343 2784 2405 et
2804 2339 3229 2423 excogitatas

982 2456 1373 2541 imitamur3
1426 2457 1513 2521 ab
1572 2454 1702 2521 hoc
1749 2455 1932 2519 sonte
1991 2453 2307 2519 derivant
2358 2453 2572 2519 variae
2617 2453 2924 2518 omnium
2977 2452 3228 2519 libera-

980 2571 1149 2637 lium
1179 2571 1433 2637 artium
1480 2570 1834 2655 ipsiusque
1859 2568 2089 2657 poesis
2119 2568 2383 2635 formae.
2424 2569 2714 2636 Omnem
2755 2568 2934 2633 hanc
2971 2585 3225 2652 graecae

982 2683 1168 2749 Artis
1201 2684 1469 2767 partem
1513 2679 1923 2747 Valkelinus
1975 2680 2308 2761 imitatur,
2360 2697 2497 2764 qua
2536 2677 2964 2761 AristoteleS‚
3003 2697 3092 2744 ex
3124 2678 3230 2743 his

980 2798 1338 2866 elementis
1368 2797 1738 2884 profectuS,
1777 2796 2002 2882 ipsam
2035 2797 2265 2886 poesis
2290 2796 2633 2881 originem
2655 2795 2980 2882 explanat
3015 2794 3232 2861 vario-

982 2933 1271 2999 rumque
1306 2931 1639 2997 generum
1667 2903 1888 2979 initia.

1069 3079 1171 3144 On
1207 3078 1365 3144 void
1400 3076 1588 3143 aussi
1618 3094 1749 3160 que
1780 3074 2108 3141 l’homme
2143 3077 2352 3159 ayant
2386 3076 2507 3143 des
2532 3094 2611 3142 sa
2642 3076 3028 3158 naissance,

1071 3194 1161 3257 Le
1198 3194 1511 3272 nombre,
1548 3191 1959 3257 l'harmonie
1989 3194 2058 3257 et
2083 3190 2150 3255 la
2183 3190 2752 3272 contresaisance,

1064 3305 1257 3371 Trois
1292 3304 1518 3389 points
1552 3323 1684 3389 que
1709 3304 1774 3370 le
1811 3307 2009 3388 poete
2044 3305 2336 3370 observe
2370 3322 2458 3369 en
2489 3306 2644 3370 tous
2676 3322 2787 3370 ses
2821 3321 3005 3384 vem,

1066 3420 1208 3495 Que
1239 3419 1324 3484 de
1354 3419 1422 3484 la
1455 3422 1610 3485 sont
1642 3438 1860 3485 venus
1887 3421 2045 3485 tous
2074 3418 2174 3484 les
2204 3436 2456 3501 genres
2492 3419 2723 3485 divers

962 3509 971 3519 ’
1064 3535 1282 3609 Qu’on
1311 3551 1354 3599 a
1383 3534 1467 3599 de
1504 3531 1764 3621 poesie,
1801 3551 1846 3598 a
1877 3533 2111 3598 raison
2138 3550 2271 3617 que
2298 3532 2648 3600 naissante

956 3647 961 3652 ’
1065 3646 1375 3714 Premier
1412 3648 1588 3713 cette
1620 3649 1862 3712 nature
1893 3665 1979 3711 en
2012 3649 2169 3712 tous
2204 3646 2736 3714 contresaisante

1066 3763 1208 3829 Fist
1237 3781 1368 3847 que
1405 3761 1607 3845 celuy
1640 3761 1756 3844 qui
1793 3763 1893 3826 tut
1928 3761 2155 3826 enclin
2190 3779 2363 3845 pour
2398 3761 2627 3828 imiter

1067 3875 1456 3944 S'enhardit
1490 3893 1623 3959 peu
1657 3874 1698 3938 a
1727 3892 1862 3962 peu
1891 3873 1976 3939 de
2007 3892 2182 3940 nous
2212 3878 2650 3963 representet

1065 3994 1245 4057 'rous
1280 3989 1382 4055 les
1414 3992 1645 4073 gestes
1681 3986 2024 4072 d’autruy‚
2054 3989 2340 4055 obanter
2376 3990 2420 4054 a
2453 3989 2856 4071 l'aventure‚

1066 4106 1447 4190 Raportant
1472 4103 1609 4168 ala
1642 4102 1804 4169 voix
1837 4100 2134 4168 l’accord
2171 4105 2239 4169 et
2272 4102 2340 4168 la
2375 4121 2670 4170 mesure.

1067 4219 1319 4305 Depuis
1354 4218 1403 4284 il
1444 4217 1804 4285 s'ensuivit
1839 4218 2042 4302 qu'en
2075 4219 2426 4303 beaucoup
2462 4219 2547 4285 de
2582 4220 2821 4302 sacons

1068 4328 1215 4396 Elle
1252 4330 1352 4395 fut
1391 4327 1652 4394 divisee
1688 4346 1776 4393 en
1804 4326 2069 4412 l'esprit
2102 4326 2224 4394 des
2257 4346 2556 4411 garcons

1027 4589 1090 4644 (1)
1118 4590 1177 4634 V.
1196 4589 1370 4643 Egger.
1391 4586 1482 4644 Op.
1503 4587 1604 4639 cit..
1628 4586 1695 4632 14·
1712 4586 1875 4640 locon.

1029 4666 1091 4721 (2)
1117 4667 1263 4711 valk.
1284 4668 1396 4719 Ars,
1418 4666 1481 4709 11.
