<?xml version="1.0" encoding="UTF-8"?>
<!DOCTYPE html PUBLIC "-//W3C//DTD XHTML 1.0 Transitional//EN"
    "http://www.w3.org/TR/xhtml1/DTD/xhtml1-transitional.dtd">
<html xmlns="http://www.w3.org/1999/xhtml" xml:lang="en" lang="en">
 <head>
  <title>
</title>
<meta http-equiv="Content-Type" content="text/html;charset=utf-8" />
  <meta name='ocr-system' content='tesseract 3.04.00' />
  <meta name='ocr-capabilities' content='ocr_page ocr_carea ocr_par ocr_line ocrx_word'/>
</head>
<body>
  <div class='ocr_page' id='page_1' title='image "./desextidecimisa00pellgoog_0016.png"; bbox 0 0 3561 5729; ppageno 0'>
   <div class='ocr_carea' id='block_1_1' title="bbox 1913 628 2233 691">
    <p class='ocr_par' dir='ltr' id='par_1_1' title="bbox 1913 628 2233 691">
     <span class='ocr_line' id='line_1_1' title="bbox 1913 628 2233 691; baseline 0 -18"><span class='ocrx_word' id='word_1_1' title='bbox 1913 628 2233 691; x_wconf 76' lang='lat'>-12-</span> 
     </span>
    </p>
   </div>
   <div class='ocr_carea' id='block_1_2' title="bbox 935 768 3218 3024">
    <p class='ocr_par' dir='ltr' id='par_1_2' title="bbox 935 768 3218 3024">
     <span class='ocr_line' id='line_1_2' title="bbox 1030 768 3206 858; baseline 0.004 -26"><span class='ocrx_word' id='word_1_2' title='bbox 1030 768 1276 851; x_wconf 83' lang='lat' dir='ltr'><strong>Faber,</strong></span> <span class='ocrx_word' id='word_1_3' title='bbox 1329 786 1534 851; x_wconf 90' lang='lat' dir='ltr'>quem</span> <span class='ocrx_word' id='word_1_4' title='bbox 1585 768 1994 834; x_wconf 86' lang='lat' dir='ltr'>Insortunati</span> <span class='ocrx_word' id='word_1_5' title='bbox 2041 769 2370 837; x_wconf 83' lang='lat' dir='ltr'>heredem</span> <span class='ocrx_word' id='word_1_6' title='bbox 2405 789 2487 837; x_wconf 89' lang='lat' dir='ltr'>ac</span> <span class='ocrx_word' id='word_1_7' title='bbox 2531 772 2946 858; x_wconf 90' lang='lat' dir='ltr'>discipulum</span> <span class='ocrx_word' id='word_1_8' title='bbox 2994 774 3206 841; x_wconf 84' lang='lat' dir='ltr'>fuisse</span> 
     </span>
     <span class='ocr_line' id='line_1_3' title="bbox 943 881 3207 973; baseline 0.003 -27"><span class='ocrx_word' id='word_1_9' title='bbox 943 883 1234 963; x_wconf 88' lang='lat' dir='ltr'>constat,</span> <span class='ocrx_word' id='word_1_10' title='bbox 1287 881 1597 946; x_wconf 91' lang='lat' dir='ltr'>carmina</span> <span class='ocrx_word' id='word_1_11' title='bbox 1630 881 1951 965; x_wconf 84' lang='lat' dir='ltr'>quaedam</span> <span class='ocrx_word' id='word_1_12' title='bbox 1993 885 2061 948; x_wconf 86' lang='lat' dir='ltr'>et</span> <span class='ocrx_word' id='word_1_13' title='bbox 2108 883 2255 968; x_wconf 90' lang='lat' dir='ltr'>ipse</span> <span class='ocrx_word' id='word_1_14' title='bbox 2294 889 2800 973; x_wconf 80' lang='lat' dir='ltr'>composuerat,</span> <span class='ocrx_word' id='word_1_15' title='bbox 2838 890 3207 971; x_wconf 84' lang='lat' dir='ltr'>antequam</span> 
     </span>
     <span class='ocr_line' id='line_1_4' title="bbox 941 996 3210 1087; baseline 0.002 -24"><span class='ocrx_word' id='word_1_16' title='bbox 941 996 1092 1063; x_wconf 87' lang='lat' dir='ltr'>Arti</span> <span class='ocrx_word' id='word_1_17' title='bbox 1133 996 1427 1081; x_wconf 82' lang='lat' dir='ltr'>poeticae</span> <span class='ocrx_word' id='word_1_18' title='bbox 1459 1015 1739 1062; x_wconf 90' lang='lat' dir='ltr'>manum</span> <span class='ocrx_word' id='word_1_19' title='bbox 1784 997 2186 1066; x_wconf 86' lang='lat' dir='ltr'>admoveret</span> <span class='ocrx_word' id='word_1_20' title='bbox 2225 1016 2240 1065; x_wconf 74' lang='grc' dir='ltr'>ε</span> <span class='ocrx_word' id='word_1_21' title='bbox 2287 1019 2375 1067; x_wconf 86' lang='lat' dir='ltr'>ex</span> <span class='ocrx_word' id='word_1_22' title='bbox 2419 1000 2529 1067; x_wconf 92' lang='lat' dir='ltr'>his</span> <span class='ocrx_word' id='word_1_23' title='bbox 2573 1005 2944 1087; x_wconf 83' lang='lat' dir='ltr'>supersunt</span> <span class='ocrx_word' id='word_1_24' title='bbox 2984 998 3210 1068; x_wconf 78' lang='lat' dir='ltr'>Ludo-</span> 
     </span>
     <span class='ocr_line' id='line_1_5' title="bbox 939 1108 3204 1205; baseline 0.002 -27"><span class='ocrx_word' id='word_1_25' title='bbox 939 1108 1075 1178; x_wconf 78' lang='lat' dir='ltr'>vici</span> <span class='ocrx_word' id='word_1_26' title='bbox 1105 1109 1292 1199; x_wconf 71' lang='lat' dir='ltr'>reqis</span> <span class='ocrx_word' id='word_1_27' title='bbox 1334 1108 1718 1200; x_wconf 75' lang='lat' dir='ltr'>Epitaphia</span> <span class='ocrx_word' id='word_1_28' title='bbox 1762 1115 1832 1178; x_wconf 92' lang='lat' dir='ltr'>et</span> <span class='ocrx_word' id='word_1_29' title='bbox 1879 1113 2247 1181; x_wconf 79' lang='lat' dir='ltr'>Tractatus</span> <span class='ocrx_word' id='word_1_30' title='bbox 2274 1112 2358 1181; x_wconf 84' lang='lat' dir='ltr'>de</span> <span class='ocrx_word' id='word_1_31' title='bbox 2387 1114 2721 1205; x_wconf 75' lang='lat' dir='ltr'>proesenti</span> <span class='ocrx_word' id='word_1_32' title='bbox 2767 1117 3060 1205; x_wconf 76' lang='lat' dir='ltr'>tempore</span> <span class='ocrx_word' id='word_1_33' title='bbox 3096 1116 3204 1203; x_wconf 85' lang='lat' dir='ltr'>(l),</span> 
     </span>
     <span class='ocr_line' id='line_1_6' title="bbox 938 1226 3209 1314; baseline 0.002 -22"><span class='ocrx_word' id='word_1_34' title='bbox 938 1227 1012 1292; x_wconf 94' lang='lat' dir='ltr'>in</span> <span class='ocrx_word' id='word_1_35' title='bbox 1046 1245 1182 1311; x_wconf 93' lang='lat' dir='ltr'>quo</span> <span class='ocrx_word' id='word_1_36' title='bbox 1219 1226 1541 1293; x_wconf 85' lang='lat' dir='ltr'>undecim</span> <span class='ocrx_word' id='word_1_37' title='bbox 1580 1226 1883 1293; x_wconf 83' lang='lat' dir='ltr'>dominae</span> <span class='ocrx_word' id='word_1_38' title='bbox 1911 1227 2092 1294; x_wconf 89' lang='lat' dir='ltr'>inter</span> <span class='ocrx_word' id='word_1_39' title='bbox 2120 1247 2194 1295; x_wconf 93' lang='lat' dir='ltr'>se</span> <span class='ocrx_word' id='word_1_40' title='bbox 2248 1229 2722 1314; x_wconf 84' lang='lat' dir='ltr'>colloquentes</span> <span class='ocrx_word' id='word_1_41' title='bbox 2772 1234 2929 1297; x_wconf 92' lang='lat' dir='ltr'>ante</span> <span class='ocrx_word' id='word_1_42' title='bbox 2973 1229 3209 1297; x_wconf 92' lang='lat' dir='ltr'>oculos</span> 
     </span>
     <span class='ocr_line' id='line_1_7' title="bbox 940 1340 3203 1430; baseline 0.001 -23"><span class='ocrx_word' id='word_1_43' title='bbox 940 1340 1384 1423; x_wconf 90' lang='lat' dir='ltr'>inducuntur,</span> <span class='ocrx_word' id='word_1_44' title='bbox 1458 1341 1787 1430; x_wconf 85' lang='lat' dir='ltr'>Neapolis</span> <span class='ocrx_word' id='word_1_45' title='bbox 1841 1342 2128 1424; x_wconf 88' lang='lat' dir='ltr'>scilicet,</span> <span class='ocrx_word' id='word_1_46' title='bbox 2195 1345 2361 1411; x_wconf 91' lang='lat' dir='ltr'>urbs</span> <span class='ocrx_word' id='word_1_47' title='bbox 2419 1346 2762 1428; x_wconf 83' lang='lat' dir='ltr'>Venetiae,</span> <span class='ocrx_word' id='word_1_48' title='bbox 2833 1344 3203 1426; x_wconf 89' lang='lat' dir='ltr'>Florentia,</span> 
     </span>
     <span class='ocr_line' id='line_1_8' title="bbox 942 1452 3210 1541; baseline 0.002 -24"><span class='ocrx_word' id='word_1_49' title='bbox 942 1454 1188 1535; x_wconf 85' lang='lat' dir='ltr'>Roma,</span> <span class='ocrx_word' id='word_1_50' title='bbox 1222 1453 1387 1518; x_wconf 91' lang='lat' dir='ltr'>urbs</span> <span class='ocrx_word' id='word_1_51' title='bbox 1422 1452 1913 1535; x_wconf 89' lang='lat' dir='ltr'>Mediolanum,</span> <span class='ocrx_word' id='word_1_52' title='bbox 1952 1456 2266 1537; x_wconf 84' lang='lat' dir='ltr'>Francia,</span> <span class='ocrx_word' id='word_1_53' title='bbox 2300 1456 2658 1541; x_wconf 87' lang='lat' dir='ltr'>Hispania,</span> <span class='ocrx_word' id='word_1_54' title='bbox 2697 1454 2975 1541; x_wconf 75' lang='lat' dir='ltr'>Anglia,</span> <span class='ocrx_word' id='word_1_55' title='bbox 3009 1456 3210 1522; x_wconf 86' lang='lat' dir='ltr'>Flan-</span> 
     </span>
     <span class='ocr_line' id='line_1_9' title="bbox 942 1546 3212 1657; baseline 0.002 -24"><span class='ocrx_word' id='word_1_56' title='bbox 942 1567 1136 1650; x_wconf 89' lang='lat' dir='ltr'>dria,</span> <span class='ocrx_word' id='word_1_57' title='bbox 1196 1567 1513 1648; x_wconf 90' lang='lat' dir='ltr'>Austria,</span> <span class='ocrx_word' id='word_1_58' title='bbox 1580 1569 1772 1635; x_wconf 74' lang='lat' dir='ltr'>actor</span> <span class='ocrx_word' id='word_1_59' title='bbox 1837 1569 2158 1653; x_wconf 89' lang='lat' dir='ltr'>denique,</span> <span class='ocrx_word' id='word_1_60' title='bbox 2231 1570 2303 1636; x_wconf 97' lang='lat' dir='ltr'>id</span> <span class='ocrx_word' id='word_1_61' title='bbox 2374 1575 2480 1637; x_wconf 91' lang='lat' dir='ltr'>est</span> <span class='ocrx_word' id='word_1_62' title='bbox 2537 1574 2743 1656; x_wconf 85' lang='lat' dir='ltr'>poeta</span> <span class='ocrx_word' id='word_1_63' title='bbox 2805 1572 2976 1657; x_wconf 92' lang='lat' dir='ltr'>ipse.</span> <span class='ocrx_word' id='word_1_64' title='bbox 3047 1546 3212 1639; x_wconf 80' lang='lat' dir='ltr'>Haec</span> 
     </span>
     <span class='ocr_line' id='line_1_10' title="bbox 941 1683 3213 1771; baseline 0.001 -21"><span class='ocrx_word' id='word_1_65' title='bbox 941 1687 1289 1771; x_wconf 82' lang='lat' dir='ltr'>poemata,</span> <span class='ocrx_word' id='word_1_66' title='bbox 1328 1683 1700 1768; x_wconf 85' lang='lat' dir='ltr'>aequalium</span> <span class='ocrx_word' id='word_1_67' title='bbox 1735 1684 2020 1751; x_wconf 89' lang='lat' dir='ltr'>auribus</span> <span class='ocrx_word' id='word_1_68' title='bbox 2054 1688 2122 1751; x_wconf 90' lang='lat' dir='ltr'>et</span> <span class='ocrx_word' id='word_1_69' title='bbox 2157 1685 2425 1770; x_wconf 87' lang='lat' dir='ltr'>judicio</span> <span class='ocrx_word' id='word_1_70' title='bbox 2478 1688 3023 1765; x_wconf 85' lang='lat' dir='ltr'>accommodata,</span> <span class='ocrx_word' id='word_1_71' title='bbox 3074 1705 3213 1752; x_wconf 92' lang='lat' dir='ltr'>non</span> 
     </span>
     <span class='ocr_line' id='line_1_11' title="bbox 943 1798 3213 1889; baseline -0 -23"><span class='ocrx_word' id='word_1_72' title='bbox 943 1800 1370 1889; x_wconf 90' lang='lat' dir='ltr'>perpendere</span> <span class='ocrx_word' id='word_1_73' title='bbox 1417 1798 1489 1864; x_wconf 94' lang='lat' dir='ltr'>in</span> <span class='ocrx_word' id='word_1_74' title='bbox 1542 1798 1775 1866; x_wconf 88' lang='lat' dir='ltr'>animo</span> <span class='ocrx_word' id='word_1_75' title='bbox 1824 1799 2026 1865; x_wconf 83' lang='lat' dir='ltr'>nobis</span> <span class='ocrx_word' id='word_1_76' title='bbox 2059 1803 2194 1886; x_wconf 82' lang='lat' dir='ltr'>est3</span> <span class='ocrx_word' id='word_1_77' title='bbox 2248 1800 2427 1866; x_wconf 88' lang='lat' dir='ltr'>scire</span> <span class='ocrx_word' id='word_1_78' title='bbox 2473 1802 2707 1866; x_wconf 88' lang='lat' dir='ltr'>tamen</span> <span class='ocrx_word' id='word_1_79' title='bbox 2753 1801 3041 1868; x_wconf 91' lang='lat' dir='ltr'>interest</span> <span class='ocrx_word' id='word_1_80' title='bbox 3086 1802 3213 1866; x_wconf 88' lang='lat' dir='ltr'>Fa-</span> 
     </span>
     <span class='ocr_line' id='line_1_12' title="bbox 940 1912 3216 2004; baseline -0 -23"><span class='ocrx_word' id='word_1_81' title='bbox 940 1916 1166 1995; x_wconf 92' lang='lat' dir='ltr'>brum‚</span> <span class='ocrx_word' id='word_1_82' title='bbox 1217 1913 1617 2000; x_wconf 90' lang='lat' dir='ltr'>priusquam</span> <span class='ocrx_word' id='word_1_83' title='bbox 1661 1912 2189 1997; x_wconf 83' lang='lat' dir='ltr'>pangendorum</span> <span class='ocrx_word' id='word_1_84' title='bbox 2235 1932 2562 1981; x_wconf 89' lang='lat' dir='ltr'>versuum</span> <span class='ocrx_word' id='word_1_85' title='bbox 2611 1914 2971 1981; x_wconf 87' lang='lat' dir='ltr'>scientiam</span> <span class='ocrx_word' id='word_1_86' title='bbox 3006 1916 3216 2004; x_wconf 90' lang='lat' dir='ltr'>profi-</span> 
     </span>
     <span class='ocr_line' id='line_1_13' title="bbox 935 2023 3215 2110; baseline -0.001 -19"><span class='ocrx_word' id='word_1_87' title='bbox 935 2027 1225 2100; x_wconf 90' lang='lat' dir='ltr'>teretur,</span> <span class='ocrx_word' id='word_1_88' title='bbox 1265 2023 1573 2089; x_wconf 89' lang='lat' dir='ltr'>carmina</span> <span class='ocrx_word' id='word_1_89' title='bbox 1621 2027 1689 2090; x_wconf 92' lang='lat' dir='ltr'>et</span> <span class='ocrx_word' id='word_1_90' title='bbox 1731 2024 1960 2110; x_wconf 92' lang='lat' dir='ltr'>ipsum</span> <span class='ocrx_word' id='word_1_91' title='bbox 2009 2023 2403 2090; x_wconf 84' lang='lat' dir='ltr'>condidisse</span> <span class='ocrx_word' id='word_1_92' title='bbox 2445 2025 2694 2090; x_wconf 91' lang='lat' dir='ltr'>horum</span> <span class='ocrx_word' id='word_1_93' title='bbox 2739 2027 2971 2090; x_wconf 85' lang='lat' dir='ltr'>vatum</span> <span class='ocrx_word' id='word_1_94' title='bbox 3009 2025 3215 2091; x_wconf 89' lang='lat' dir='ltr'>disci-</span> 
     </span>
     <span class='ocr_line' id='line_1_14' title="bbox 935 2116 3211 2225; baseline -0 -21"><span class='ocrx_word' id='word_1_95' title='bbox 935 2139 1148 2225; x_wconf 81' lang='lat' dir='ltr'>plinae</span> <span class='ocrx_word' id='word_1_96' title='bbox 1184 2156 1519 2220; x_wconf 84' lang='lat' dir='ltr'>congrua,</span> <span class='ocrx_word' id='word_1_97' title='bbox 1553 2116 1666 2222; x_wconf 81' lang='lat' dir='ltr'>qui</span> <span class='ocrx_word' id='word_1_98' title='bbox 1705 2155 1979 2205; x_wconf 89' lang='lat' dir='ltr'>summa</span> <span class='ocrx_word' id='word_1_99' title='bbox 2002 2137 2231 2221; x_wconf 85' lang='lat' dir='ltr'>gloria</span> <span class='ocrx_word' id='word_1_100' title='bbox 2264 2140 2408 2203; x_wconf 90' lang='lat' dir='ltr'>tum</span> <span class='ocrx_word' id='word_1_101' title='bbox 2435 2138 2792 2204; x_wconf 84' lang='lat' dir='ltr'>florebant.</span> <span class='ocrx_word' id='word_1_102' title='bbox 2830 2140 2934 2204; x_wconf 87' lang='lat' dir='ltr'>Ab</span> <span class='ocrx_word' id='word_1_103' title='bbox 2965 2139 3211 2204; x_wconf 88' lang='lat' dir='ltr'>iisdem</span> 
     </span>
     <span class='ocr_line' id='line_1_15' title="bbox 938 2250 3216 2342; baseline -0.001 -23"><span class='ocrx_word' id='word_1_104' title='bbox 938 2253 1186 2342; x_wconf 83' lang='lat' dir='ltr'>poetiS,</span> <span class='ocrx_word' id='word_1_105' title='bbox 1238 2270 1409 2336; x_wconf 91' lang='lat' dir='ltr'>quos</span> <span class='ocrx_word' id='word_1_106' title='bbox 1457 2251 1529 2317; x_wconf 89' lang='lat' dir='ltr'>in</span> <span class='ocrx_word' id='word_1_107' title='bbox 1578 2251 1927 2335; x_wconf 85' lang='lat' dir='ltr'>fingendis</span> <span class='ocrx_word' id='word_1_108' title='bbox 1975 2251 2410 2335; x_wconf 83' lang='lat' dir='ltr'>poematibus</span> <span class='ocrx_word' id='word_1_109' title='bbox 2454 2250 2760 2317; x_wconf 84' lang='lat' dir='ltr'>imitatus</span> <span class='ocrx_word' id='word_1_110' title='bbox 2809 2255 2984 2334; x_wconf 83' lang='lat' dir='ltr'>erat,</span> <span class='ocrx_word' id='word_1_111' title='bbox 3033 2269 3216 2337; x_wconf 84' lang='lat' dir='ltr'>pree-</span> 
     </span>
     <span class='ocr_line' id='line_1_16' title="bbox 935 2362 3213 2463; baseline -0.001 -31"><span class='ocrx_word' id='word_1_112' title='bbox 935 2368 1136 2451; x_wconf 89' lang='lat' dir='ltr'>cepta</span> <span class='ocrx_word' id='word_1_113' title='bbox 1178 2364 1657 2453; x_wconf 79' lang='lat' dir='ltr'>exemplaque,</span> <span class='ocrx_word' id='word_1_114' title='bbox 1691 2364 1762 2429; x_wconf 89' lang='lat' dir='ltr'>in</span> <span class='ocrx_word' id='word_1_115' title='bbox 1799 2362 2282 2447; x_wconf 89' lang='lat' dir='ltr'>componenda</span> <span class='ocrx_word' id='word_1_116' title='bbox 2318 2364 2508 2445; x_wconf 90' lang='lat' dir='ltr'>Arte,</span> <span class='ocrx_word' id='word_1_117' title='bbox 2544 2366 2930 2463; x_wconf 60' lang='lat' dir='ltr'>mutuatur-3</span> <span class='ocrx_word' id='word_1_118' title='bbox 2972 2383 3213 2430; x_wconf 91' lang='lat' dir='ltr'>eorum</span> 
     </span>
     <span class='ocr_line' id='line_1_17' title="bbox 935 2464 3216 2563; baseline -0.001 -18"><span class='ocrx_word' id='word_1_119' title='bbox 935 2479 1219 2545; x_wconf 90' lang='lat' dir='ltr'>nomina</span> <span class='ocrx_word' id='word_1_120' title='bbox 1264 2478 1585 2544; x_wconf 83' lang='lat' dir='ltr'>maximis</span> <span class='ocrx_word' id='word_1_121' title='bbox 1626 2476 1950 2543; x_wconf 87' lang='lat' dir='ltr'>laudibus</span> <span class='ocrx_word' id='word_1_122' title='bbox 1985 2476 2225 2558; x_wconf 82' lang='lat' dir='ltr'>afficit,</span> <span class='ocrx_word' id='word_1_123' title='bbox 2269 2493 2481 2560; x_wconf 89' lang='lat' dir='ltr'>opera</span> <span class='ocrx_word' id='word_1_124' title='bbox 2521 2494 2689 2543; x_wconf 90' lang='lat' dir='ltr'>vero</span> <span class='ocrx_word' id='word_1_125' title='bbox 2733 2464 2858 2563; x_wconf 85' lang='lat' dir='ltr'>pro</span> <span class='ocrx_word' id='word_1_126' title='bbox 2882 2470 3216 2562; x_wconf 77' lang='lat' dir='ltr'>&#39;perfectis</span> 
     </span>
     <span class='ocr_line' id='line_1_18' title="bbox 938 2591 3216 2678; baseline 0 -18"><span class='ocrx_word' id='word_1_127' title='bbox 938 2594 1171 2660; x_wconf 91' lang='lat' dir='ltr'>habet.</span> <span class='ocrx_word' id='word_1_128' title='bbox 1220 2593 1562 2678; x_wconf 84' lang='lat' dir='ltr'>Praecipui</span> <span class='ocrx_word' id='word_1_129' title='bbox 1602 2593 1780 2659; x_wconf 90' lang='lat' dir='ltr'>inter</span> <span class='ocrx_word' id='word_1_130' title='bbox 1815 2593 1945 2658; x_wconf 86' lang='lat' dir='ltr'>hos</span> <span class='ocrx_word' id='word_1_131' title='bbox 1984 2596 2143 2657; x_wconf 88' lang='lat' dir='ltr'>sunt</span> <span class='ocrx_word' id='word_1_132' title='bbox 2176 2591 2669 2675; x_wconf 82' lang='lat' dir='ltr'>MeschinotuS‚</span> <span class='ocrx_word' id='word_1_133' title='bbox 2717 2593 3034 2660; x_wconf 86' lang='lat' dir='ltr'>Cretinus</span> <span class='ocrx_word' id='word_1_134' title='bbox 3068 2596 3216 2660; x_wconf 93' lang='lat' dir='ltr'>Mo-</span> 
     </span>
     <span class='ocr_line' id='line_1_19' title="bbox 936 2702 3217 2791; baseline -0 -19"><span class='ocrx_word' id='word_1_135' title='bbox 936 2706 1351 2790; x_wconf 91' lang='lat' dir='ltr'>linetusque,</span> <span class='ocrx_word' id='word_1_136' title='bbox 1408 2704 1524 2788; x_wconf 92' lang='lat' dir='ltr'>qui</span> <span class='ocrx_word' id='word_1_137' title='bbox 1568 2703 1848 2787; x_wconf 83' lang='lat' dir='ltr'>gallicae</span> <span class='ocrx_word' id='word_1_138' title='bbox 1901 2702 2132 2791; x_wconf 88' lang='lat' dir='ltr'>poesis</span> <span class='ocrx_word' id='word_1_139' title='bbox 2185 2702 2381 2786; x_wconf 85' lang='lat' dir='ltr'>quasi</span> <span class='ocrx_word' id='word_1_140' title='bbox 2440 2703 2786 2789; x_wconf 90' lang='lat' dir='ltr'>principes</span> <span class='ocrx_word' id='word_1_141' title='bbox 2842 2708 2990 2771; x_wconf 86' lang='lat' dir='ltr'>tum</span> <span class='ocrx_word' id='word_1_142' title='bbox 3026 2705 3217 2789; x_wconf 90' lang='lat' dir='ltr'>judi-</span> 
     </span>
     <span class='ocr_line' id='line_1_20' title="bbox 938 2818 3218 2909; baseline -0.001 -18"><span class='ocrx_word' id='word_1_143' title='bbox 938 2825 1203 2891; x_wconf 87' lang='lat' dir='ltr'>cantur.</span> <span class='ocrx_word' id='word_1_144' title='bbox 1255 2820 1756 2889; x_wconf 91' lang='lat' dir='ltr'>Meschinotum</span> <span class='ocrx_word' id='word_1_145' title='bbox 1798 2821 2148 2886; x_wconf 84' lang='lat' dir='ltr'>Petrarcae</span> <span class='ocrx_word' id='word_1_146' title='bbox 2185 2818 2492 2904; x_wconf 80' lang='lat' dir='ltr'>aequales</span> <span class='ocrx_word' id='word_1_147' title='bbox 2542 2825 2974 2909; x_wconf 81' lang='lat' dir='ltr'>comparant3</span> <span class='ocrx_word' id='word_1_148' title='bbox 3015 2822 3218 2890; x_wconf 90' lang='lat' dir='ltr'>Moli-</span> 
     </span>
     <span class='ocr_line' id='line_1_21' title="bbox 938 2935 3216 3024; baseline -0.001 -19"><span class='ocrx_word' id='word_1_149' title='bbox 938 2942 1139 3005; x_wconf 90' lang='lat' dir='ltr'>netus</span> <span class='ocrx_word' id='word_1_150' title='bbox 1216 2954 1342 3021; x_wconf 89' lang='lat' dir='ltr'>pro</span> <span class='ocrx_word' id='word_1_151' title='bbox 1421 2936 1642 3002; x_wconf 90' lang='lat' dir='ltr'>altero</span> <span class='ocrx_word' id='word_1_152' title='bbox 1718 2936 1993 3001; x_wconf 91' lang='lat' dir='ltr'>Nasone</span> <span class='ocrx_word' id='word_1_153' title='bbox 2069 2935 2449 3024; x_wconf 79' lang='lat' dir='ltr'>accipitur3</span> <span class='ocrx_word' id='word_1_154' title='bbox 2535 2936 2888 3003; x_wconf 82' lang='lat' dir='ltr'>Cretinum</span> <span class='ocrx_word' id='word_1_155' title='bbox 2975 2941 3216 3004; x_wconf 90' lang='lat' dir='ltr'>autem</span> 
     </span>
    </p>
   </div>
   <div class='ocr_carea' id='block_1_3' title="bbox 942 3094 1283 3104">
    <p class='ocr_par' dir='ltr' id='par_1_3' title="bbox 942 3094 1283 3104">
     <span class='ocr_line' id='line_1_22' title="bbox 942 3094 1283 3104; baseline 0 2625"><span class='ocrx_word' id='word_1_156' title='bbox 942 3094 1283 3104; x_wconf 95' lang='lat' dir='ltr'> </span> 
     </span>
    </p>
   </div>
   <div class='ocr_carea' id='block_1_4' title="bbox 934 3178 3221 4709">
    <p class='ocr_par' dir='ltr' id='par_1_4' title="bbox 935 3178 3221 3500">
     <span class='ocr_line' id='line_1_23' title="bbox 991 3178 3214 3235; baseline 0 -11"><span class='ocrx_word' id='word_1_157' title='bbox 991 3181 1073 3225; x_wconf 87' lang='lat' dir='ltr'>1v.</span> <span class='ocrx_word' id='word_1_158' title='bbox 1096 3180 1282 3234; x_wconf 79' lang='lat' dir='ltr'>—Quae</span> <span class='ocrx_word' id='word_1_159' title='bbox 1321 3180 1422 3223; x_wconf 85' lang='lat' dir='ltr'>sint</span> <span class='ocrx_word' id='word_1_160' title='bbox 1459 3180 1629 3234; x_wconf 87' lang='lat' dir='ltr'>poesis</span> <span class='ocrx_word' id='word_1_161' title='bbox 1659 3178 1785 3222; x_wconf 84' lang='lat' dir='ltr'>vitia</span> <span class='ocrx_word' id='word_1_162' title='bbox 1821 3192 1832 3221; x_wconf 74' lang='lat' dir='ltr'><strong><em>z</em></strong></span> <span class='ocrx_word' id='word_1_163' title='bbox 1863 3178 1909 3221; x_wconf 77' lang='lat'>1⁰</span> <span class='ocrx_word' id='word_1_164' title='bbox 1944 3178 2321 3234; x_wconf 82' lang='lat' dir='ltr'>Inoequabilium</span> <span class='ocrx_word' id='word_1_165' title='bbox 2360 3179 2488 3222; x_wconf 84' lang='lat' dir='ltr'>inter</span> <span class='ocrx_word' id='word_1_166' title='bbox 2529 3190 2584 3222; x_wconf 85' lang='lat' dir='ltr'>se</span> <span class='ocrx_word' id='word_1_167' title='bbox 2617 3190 2853 3223; x_wconf 80' lang='lat' dir='ltr'>versuum</span> <span class='ocrx_word' id='word_1_168' title='bbox 2887 3182 3214 3235; x_wconf 73' lang='lat' dir='ltr'>compositio,</span> 
     </span>
     <span class='ocr_line' id='line_1_24' title="bbox 935 3244 3218 3301; baseline 0 -11"><span class='ocrx_word' id='word_1_169' title='bbox 935 3249 985 3292; x_wconf 83' lang='grc' dir='ltr'>2ο</span> <span class='ocrx_word' id='word_1_170' title='bbox 1008 3248 1184 3291; x_wconf 87' lang='lat' dir='ltr'>Parum</span> <span class='ocrx_word' id='word_1_171' title='bbox 1203 3245 1305 3301; x_wconf 87' lang='lat' dir='ltr'>apti</span> <span class='ocrx_word' id='word_1_172' title='bbox 1334 3246 1675 3298; x_wconf 72' lang='lat' dir='ltr'>rhythmorum</span> <span class='ocrx_word' id='word_1_173' title='bbox 1706 3244 1834 3288; x_wconf 85' lang='lat' dir='ltr'>soni.</span> <span class='ocrx_word' id='word_1_174' title='bbox 1862 3244 1912 3290; x_wconf 79' lang='lat'>30</span> <span class='ocrx_word' id='word_1_175' title='bbox 1936 3245 2048 3288; x_wconf 90' lang='lat' dir='ltr'>Non</span> <span class='ocrx_word' id='word_1_176' title='bbox 2076 3245 2288 3301; x_wconf 82' lang='lat' dir='ltr'>propriae</span> <span class='ocrx_word' id='word_1_177' title='bbox 2317 3245 2615 3290; x_wconf 84' lang='lat' dir='ltr'>locutiones.</span> <span class='ocrx_word' id='word_1_178' title='bbox 2645 3247 2696 3290; x_wconf 82' lang='grc' dir='ltr'>4ο</span> <span class='ocrx_word' id='word_1_179' title='bbox 2724 3245 3005 3294; x_wconf 73' lang='lat' dir='ltr'>Eorundem</span> <span class='ocrx_word' id='word_1_180' title='bbox 3035 3259 3218 3291; x_wconf 87' lang='lat' dir='ltr'>vocum</span> 
     </span>
     <span class='ocr_line' id='line_1_25' title="bbox 936 3310 3221 3367; baseline -0.001 -9"><span class='ocrx_word' id='word_1_181' title='bbox 936 3313 1151 3358; x_wconf 79' lang='lat' dir='ltr'>iteratio.</span> <span class='ocrx_word' id='word_1_182' title='bbox 1172 3313 1221 3357; x_wconf 82' lang='lat'>50</span> <span class='ocrx_word' id='word_1_183' title='bbox 1240 3311 1404 3355; x_wconf 81' lang='lat' dir='ltr'>Verba</span> <span class='ocrx_word' id='word_1_184' title='bbox 1421 3311 1501 3354; x_wconf 83' lang='lat' dir='ltr'>vel</span> <span class='ocrx_word' id='word_1_185' title='bbox 1521 3321 1583 3353; x_wconf 83' lang='lat' dir='ltr'>ex</span> <span class='ocrx_word' id='word_1_186' title='bbox 1601 3310 1755 3354; x_wconf 83' lang='lat' dir='ltr'>latino</span> <span class='ocrx_word' id='word_1_187' title='bbox 1775 3321 2006 3353; x_wconf 85' lang='lat' dir='ltr'>sermone</span> <span class='ocrx_word' id='word_1_188' title='bbox 2028 3310 2278 3354; x_wconf 80' lang='lat' dir='ltr'>incautius</span> <span class='ocrx_word' id='word_1_189' title='bbox 2300 3312 2575 3365; x_wconf 84' lang='lat' dir='ltr'>assumpta,</span> <span class='ocrx_word' id='word_1_190' title='bbox 2592 3311 2674 3354; x_wconf 77' lang='lat' dir='ltr'>vel</span> <span class='ocrx_word' id='word_1_191' title='bbox 2697 3314 2942 3367; x_wconf 82' lang='lat' dir='ltr'>corrupta,</span> <span class='ocrx_word' id='word_1_192' title='bbox 2963 3313 3045 3355; x_wconf 76' lang='lat' dir='ltr'>vel</span> <span class='ocrx_word' id='word_1_193' title='bbox 3067 3314 3221 3358; x_wconf 83' lang='lat' dir='ltr'>nimis</span> 
     </span>
     <span class='ocr_line' id='line_1_26' title="bbox 937 3376 3220 3436; baseline -0.004 -10"><span class='ocrx_word' id='word_1_194' title='bbox 937 3390 1133 3434; x_wconf 84' lang='lat' dir='ltr'>aspera.</span> <span class='ocrx_word' id='word_1_195' title='bbox 1159 3380 1210 3424; x_wconf 77' lang='lat'>60</span> <span class='ocrx_word' id='word_1_196' title='bbox 1238 3378 1649 3430; x_wconf 50' lang='lat' dir='ltr'>aequivocationes</span> <span class='ocrx_word' id='word_1_197' title='bbox 1685 3379 1941 3421; x_wconf 81' lang='lat' dir='ltr'>contortae.</span> <span class='ocrx_word' id='word_1_198' title='bbox 1975 3376 2026 3421; x_wconf 77' lang='lat'>70</span> <span class='ocrx_word' id='word_1_199' title='bbox 2062 3378 2250 3421; x_wconf 81' lang='lat' dir='ltr'>Pravus</span> <span class='ocrx_word' id='word_1_200' title='bbox 2281 3376 2448 3431; x_wconf 80' lang='lat' dir='ltr'>flgurae</span> <span class='ocrx_word' id='word_1_201' title='bbox 2478 3388 2618 3431; x_wconf 75' lang='lat' dir='ltr'>nsua,</span> <span class='ocrx_word' id='word_1_202' title='bbox 2649 3389 2756 3433; x_wconf 84' lang='lat' dir='ltr'>quae</span> <span class='ocrx_word' id='word_1_203' title='bbox 2783 3394 2808 3418; x_wconf 75' lang='grc' dir='ltr'>α</span> <span class='ocrx_word' id='word_1_204' title='bbox 2830 3380 3176 3436; x_wconf 83' lang='lat' dir='ltr'>Synalymphe</span> <span class='ocrx_word' id='word_1_205' title='bbox 3197 3395 3220 3418; x_wconf 66' lang='lat' dir='ltr'>n</span> 
     </span>
     <span class='ocr_line' id='line_1_27' title="bbox 938 3444 1361 3500; baseline -0.009 -11"><span class='ocrx_word' id='word_1_206' title='bbox 938 3445 1118 3500; x_wconf 82' lang='lat' dir='ltr'>gallice</span> <span class='ocrx_word' id='word_1_207' title='bbox 1139 3444 1361 3486; x_wconf 87' lang='lat' dir='ltr'>vocatur.</span> 
     </span>
    </p>

    <p class='ocr_par' dir='ltr' id='par_1_5' title="bbox 936 3508 3219 3630">
     <span class='ocr_line' id='line_1_28' title="bbox 992 3508 3219 3566; baseline 0 -11"><span class='ocrx_word' id='word_1_208' title='bbox 992 3512 1037 3556; x_wconf 87' lang='lat' dir='ltr'>V</span> <span class='ocrx_word' id='word_1_209' title='bbox 1058 3513 1108 3554; x_wconf 88' lang='lat' dir='ltr'>et</span> <span class='ocrx_word' id='word_1_210' title='bbox 1128 3510 1210 3554; x_wconf 90' lang='lat' dir='ltr'>Vl.</span> <span class='ocrx_word' id='word_1_211' title='bbox 1232 3532 1286 3542; x_wconf 91' lang='lat'>—</span> <span class='ocrx_word' id='word_1_212' title='bbox 1305 3509 1375 3552; x_wconf 88' lang='lat' dir='ltr'>De</span> <span class='ocrx_word' id='word_1_213' title='bbox 1400 3508 1553 3553; x_wconf 80' lang='lat' dir='ltr'>variis</span> <span class='ocrx_word' id='word_1_214' title='bbox 1575 3508 1761 3563; x_wconf 77' lang='lat' dir='ltr'>figuris.</span> <span class='ocrx_word' id='word_1_215' title='bbox 1784 3510 1842 3553; x_wconf 90' lang='lat' dir='ltr'>V.</span> <span class='ocrx_word' id='word_1_216' title='bbox 1863 3509 1934 3553; x_wconf 90' lang='lat' dir='ltr'>De</span> <span class='ocrx_word' id='word_1_217' title='bbox 1956 3520 2200 3564; x_wconf 80' lang='lat' dir='ltr'>syncopa,</span> <span class='ocrx_word' id='word_1_218' title='bbox 2218 3518 2459 3563; x_wconf 81' lang='lat' dir='ltr'>apocopa,</span> <span class='ocrx_word' id='word_1_219' title='bbox 2490 3518 2787 3564; x_wconf 81' lang='lat' dir='ltr'>synonymo.</span> <span class='ocrx_word' id='word_1_220' title='bbox 2815 3509 2896 3552; x_wconf 91' lang='lat' dir='ltr'>VI.</span> <span class='ocrx_word' id='word_1_221' title='bbox 2920 3510 2991 3554; x_wconf 90' lang='lat' dir='ltr'>De</span> <span class='ocrx_word' id='word_1_222' title='bbox 3011 3514 3219 3566; x_wconf 69' lang='lat' dir='ltr'>oequivo-</span> 
     </span>
     <span class='ocr_line' id='line_1_29' title="bbox 936 3577 1424 3630; baseline -0.01 -5"><span class='ocrx_word' id='word_1_223' title='bbox 936 3581 1124 3625; x_wconf 74' lang='lat' dir='ltr'>catione</span> <span class='ocrx_word' id='word_1_224' title='bbox 1143 3580 1192 3623; x_wconf 89' lang='lat' dir='ltr'>et</span> <span class='ocrx_word' id='word_1_225' title='bbox 1212 3577 1424 3630; x_wconf 81' lang='lat' dir='ltr'>dialogo.</span> 
     </span>
    </p>

    <p class='ocr_par' dir='ltr' id='par_1_6' title="bbox 994 3641 2242 3698">
     <span class='ocr_line' id='line_1_30' title="bbox 994 3641 2242 3698; baseline -0.004 -9"><span class='ocrx_word' id='word_1_226' title='bbox 994 3646 1102 3690; x_wconf 86' lang='lat' dir='ltr'>Vll.</span> <span class='ocrx_word' id='word_1_227' title='bbox 1124 3667 1177 3676; x_wconf 93' lang='lat'><strong>—</strong></span> <span class='ocrx_word' id='word_1_228' title='bbox 1195 3644 1266 3687; x_wconf 88' lang='lat' dir='ltr'>De</span> <span class='ocrx_word' id='word_1_229' title='bbox 1286 3642 1579 3687; x_wconf 78' lang='lat' dir='ltr'>masculinis</span> <span class='ocrx_word' id='word_1_230' title='bbox 1606 3641 1956 3698; x_wconf 76' lang='lat' dir='ltr'>femininisque</span> <span class='ocrx_word' id='word_1_231' title='bbox 1977 3643 2242 3697; x_wconf 70' lang='lat' dir='ltr'>rhythmis.</span> 
     </span>
    </p>

    <p class='ocr_par' dir='ltr' id='par_1_7' title="bbox 937 3709 3216 3833">
     <span class='ocr_line' id='line_1_31' title="bbox 992 3709 3216 3767; baseline -0.001 -10"><span class='ocrx_word' id='word_1_232' title='bbox 992 3712 1128 3757; x_wconf 81' lang='lat' dir='ltr'>vm.</span> <span class='ocrx_word' id='word_1_233' title='bbox 1148 3733 1201 3742; x_wconf 92' lang='lat'>—</span> <span class='ocrx_word' id='word_1_234' title='bbox 1217 3709 1441 3754; x_wconf 90' lang='lat' dir='ltr'>Consilia</span> <span class='ocrx_word' id='word_1_235' title='bbox 1473 3709 1698 3766; x_wconf 67' lang='lat' dir='ltr'>quaedam</span> <span class='ocrx_word' id='word_1_236' title='bbox 1726 3709 1928 3754; x_wconf 86' lang='lat' dir='ltr'>vatibus</span> <span class='ocrx_word' id='word_1_237' title='bbox 1954 3710 2015 3754; x_wconf 84' lang='lat' dir='ltr'>de</span> <span class='ocrx_word' id='word_1_238' title='bbox 2041 3711 2387 3764; x_wconf 70' lang='lat' dir='ltr'>rhythmorum</span> <span class='ocrx_word' id='word_1_239' title='bbox 2417 3719 2513 3752; x_wconf 87' lang='lat' dir='ltr'>usu</span> <span class='ocrx_word' id='word_1_240' title='bbox 2535 3709 2727 3762; x_wconf 80' lang='lat' dir='ltr'>dantur,</span> <span class='ocrx_word' id='word_1_241' title='bbox 2748 3709 2831 3764; x_wconf 85' lang='lat' dir='ltr'>qui</span> <span class='ocrx_word' id='word_1_242' title='bbox 2864 3711 3104 3766; x_wconf 75' lang='lat' dir='ltr'>fugiendi,</span> <span class='ocrx_word' id='word_1_243' title='bbox 3138 3712 3216 3767; x_wconf 85' lang='lat' dir='ltr'>qui</span> 
     </span>
     <span class='ocr_line' id='line_1_32' title="bbox 937 3776 1319 3833; baseline -0.013 -10"><span class='ocrx_word' id='word_1_244' title='bbox 937 3777 1182 3833; x_wconf 84' lang='lat' dir='ltr'>sequendi</span> <span class='ocrx_word' id='word_1_245' title='bbox 1203 3776 1319 3819; x_wconf 87' lang='lat' dir='ltr'>sint.</span> 
     </span>
    </p>

    <p class='ocr_par' dir='ltr' id='par_1_8' title="bbox 934 3837 3221 4496">
     <span class='ocr_line' id='line_1_33' title="bbox 992 3837 3221 3895; baseline -0.003 -9"><span class='ocrx_word' id='word_1_246' title='bbox 992 3843 1079 3886; x_wconf 87' lang='lat' dir='ltr'>IX.</span> <span class='ocrx_word' id='word_1_247' title='bbox 1105 3864 1158 3873; x_wconf 89' lang='lat'><em>—</em></span> <span class='ocrx_word' id='word_1_248' title='bbox 1176 3842 1538 3886; x_wconf 78' lang='lat' dir='ltr'>Enumerantur</span> <span class='ocrx_word' id='word_1_249' title='bbox 1566 3840 1743 3894; x_wconf 78' lang='lat' dir='ltr'>viginti</span> <span class='ocrx_word' id='word_1_250' title='bbox 1770 3841 2115 3895; x_wconf 70' lang='lat' dir='ltr'>rhythmomm</span> <span class='ocrx_word' id='word_1_251' title='bbox 2149 3838 2364 3895; x_wconf 81' lang='lat' dir='ltr'>species.</span> <span class='ocrx_word' id='word_1_252' title='bbox 2402 3838 2449 3881; x_wconf 82' lang='lat'>1⁰</span> <span class='ocrx_word' id='word_1_253' title='bbox 2466 3837 2700 3879; x_wconf 61' lang='lat' dir='ltr'>moninus</span> <span class='ocrx_word' id='word_1_254' title='bbox 2729 3838 3001 3890; x_wconf 69' lang='lat' dir='ltr'>rhythmus.</span> <span class='ocrx_word' id='word_1_255' title='bbox 3029 3840 3082 3884; x_wconf 79' lang='lat'>20</span> <span class='ocrx_word' id='word_1_256' title='bbox 3102 3841 3221 3883; x_wconf 66' lang='lat' dir='ltr'>Gno-</span> 
     </span>
     <span class='ocr_line' id='line_1_34' title="bbox 936 3903 3219 3962; baseline -0.001 -12"><span class='ocrx_word' id='word_1_257' title='bbox 936 3909 1090 3958; x_wconf 70' lang='grc' dir='ltr'><strong><em>οἱαιω</em></strong></span> <span class='ocrx_word' id='word_1_258' title='bbox 1129 3907 1383 3961; x_wconf 66' lang='lat' dir='ltr'>rhythmus</span> <span class='ocrx_word' id='word_1_259' title='bbox 1416 3907 1497 3949; x_wconf 86' lang='lat' dir='ltr'>vel</span> <span class='ocrx_word' id='word_1_260' title='bbox 1535 3918 1685 3962; x_wconf 87' lang='lat' dir='ltr'>super</span> <span class='ocrx_word' id='word_1_261' title='bbox 1720 3909 1964 3962; x_wconf 86' lang='lat' dir='ltr'>quartam,</span> <span class='ocrx_word' id='word_1_262' title='bbox 2021 3906 2103 3949; x_wconf 83' lang='lat' dir='ltr'>vel</span> <span class='ocrx_word' id='word_1_263' title='bbox 2141 3915 2292 3960; x_wconf 87' lang='lat' dir='ltr'>super</span> <span class='ocrx_word' id='word_1_264' title='bbox 2324 3903 2561 3958; x_wconf 83' lang='lat' dir='ltr'>quintam,</span> <span class='ocrx_word' id='word_1_265' title='bbox 2614 3903 2695 3946; x_wconf 75' lang='lat' dir='ltr'>vel</span> <span class='ocrx_word' id='word_1_266' title='bbox 2731 3914 2880 3958; x_wconf 87' lang='lat' dir='ltr'>super</span> <span class='ocrx_word' id='word_1_267' title='bbox 2920 3908 3123 3951; x_wconf 80' lang='lat' dir='ltr'>sextam</span> <span class='ocrx_word' id='word_1_268' title='bbox 3164 3905 3219 3949; x_wconf 93' lang='lat' dir='ltr'>li-</span> 
     </span>
     <span class='ocr_line' id='line_1_35' title="bbox 938 3969 3217 4029; baseline -0.002 -11"><span class='ocrx_word' id='word_1_269' title='bbox 938 3984 1100 4018; x_wconf 87' lang='lat' dir='ltr'>neam.</span> <span class='ocrx_word' id='word_1_270' title='bbox 1142 3972 1193 4016; x_wconf 77' lang='lat'>30</span> <span class='ocrx_word' id='word_1_271' title='bbox 1222 3973 1455 4026; x_wconf 58' lang='lat' dir='ltr'>Ronanus,</span> <span class='ocrx_word' id='word_1_272' title='bbox 1491 3985 1699 4029; x_wconf 83' lang='lat' dir='ltr'>quorum</span> <span class='ocrx_word' id='word_1_273' title='bbox 1729 3983 1823 4016; x_wconf 83' lang='lat' dir='ltr'>sex</span> <span class='ocrx_word' id='word_1_274' title='bbox 1861 3973 2026 4026; x_wconf 78' lang='lat' dir='ltr'>flgurae</span> <span class='ocrx_word' id='word_1_275' title='bbox 2066 3971 2467 4016; x_wconf 82' lang='lat' dir='ltr'>adnumerantur.</span> <span class='ocrx_word' id='word_1_276' title='bbox 2499 3969 2549 4012; x_wconf 79' lang='grc' dir='ltr'>4ο</span> <span class='ocrx_word' id='word_1_277' title='bbox 2577 3969 2945 4023; x_wconf 74' lang='lat' dir='ltr'>Retroyradam‘i</span> <span class='ocrx_word' id='word_1_278' title='bbox 2979 3972 3217 4026; x_wconf 68' lang='lat' dir='ltr'>rhythmi.</span> 
     </span>
     <span class='ocr_line' id='line_1_36' title="bbox 934 4034 3217 4095; baseline 0 -13"><span class='ocrx_word' id='word_1_279' title='bbox 934 4042 985 4085; x_wconf 83' lang='grc' dir='ltr'>5ο</span> <span class='ocrx_word' id='word_1_280' title='bbox 1010 4041 1062 4082; x_wconf 89' lang='lat' dir='ltr'>et</span> <span class='ocrx_word' id='word_1_281' title='bbox 1084 4040 1134 4083; x_wconf 81' lang='lat'>60</span> <span class='ocrx_word' id='word_1_282' title='bbox 1154 4038 1386 4083; x_wconf 85' lang='lat' dir='ltr'>Poemata</span> <span class='ocrx_word' id='word_1_283' title='bbox 1415 4051 1521 4094; x_wconf 84' lang='lat' dir='ltr'>quae</span> <span class='ocrx_word' id='word_1_284' title='bbox 1543 4040 1723 4093; x_wconf 80' lang='lat' dir='ltr'>gallice</span> <span class='ocrx_word' id='word_1_285' title='bbox 1751 4053 1777 4078; x_wconf 82' lang='grc' dir='ltr'><strong>α</strong></span> <span class='ocrx_word' id='word_1_286' title='bbox 1798 4039 2027 4094; x_wconf 84' lang='lat' dir='ltr'>chapelet</span> <span class='ocrx_word' id='word_1_287' title='bbox 2047 4053 2072 4075; x_wconf 65' lang='lat' dir='ltr'>s&gt;</span> <span class='ocrx_word' id='word_1_288' title='bbox 2092 4037 2154 4089; x_wconf 80' lang='grc'>(5)</span> <span class='ocrx_word' id='word_1_289' title='bbox 2179 4038 2228 4079; x_wconf 83' lang='lat' dir='ltr'>et</span> <span class='ocrx_word' id='word_1_290' title='bbox 2260 4052 2285 4075; x_wconf 79' lang='grc' dir='ltr'><strong>α</strong></span> <span class='ocrx_word' id='word_1_291' title='bbox 2311 4034 2584 4087; x_wconf 87' lang='lat' dir='ltr'>bergcrctte</span> <span class='ocrx_word' id='word_1_292' title='bbox 2605 4050 2629 4072; x_wconf 77' lang='lat' dir='ltr'>n</span> <span class='ocrx_word' id='word_1_293' title='bbox 2648 4036 2709 4087; x_wconf 83' lang='grc'>(6)</span> <span class='ocrx_word' id='word_1_294' title='bbox 2738 4047 2918 4079; x_wconf 87' lang='lat' dir='ltr'>nomen</span> <span class='ocrx_word' id='word_1_295' title='bbox 2947 4039 3217 4095; x_wconf 89' lang='lat' dir='ltr'>accipiunt.</span> 
     </span>
     <span class='ocr_line' id='line_1_37' title="bbox 934 4100 3218 4160; baseline -0.001 -11"><span class='ocrx_word' id='word_1_296' title='bbox 934 4105 986 4149; x_wconf 75' lang='lat'>&#39;7⁰</span> <span class='ocrx_word' id='word_1_297' title='bbox 1008 4104 1181 4147; x_wconf 77' lang='lat' dir='ltr'>Forma</span> <span class='ocrx_word' id='word_1_298' title='bbox 1204 4104 1494 4158; x_wconf 81' lang='lat' dir='ltr'>psalmodia.</span> <span class='ocrx_word' id='word_1_299' title='bbox 1514 4105 1563 4149; x_wconf 84' lang='grc' dir='ltr'>8ο</span> <span class='ocrx_word' id='word_1_300' title='bbox 1584 4104 1827 4160; x_wconf 85' lang='lat' dir='ltr'>Epilogus</span> <span class='ocrx_word' id='word_1_301' title='bbox 1848 4104 1928 4146; x_wconf 80' lang='lat' dir='ltr'>vel</span> <span class='ocrx_word' id='word_1_302' title='bbox 1950 4103 2130 4157; x_wconf 82' lang='lat' dir='ltr'>gallice</span> <span class='ocrx_word' id='word_1_303' title='bbox 2149 4118 2174 4140; x_wconf 75' lang='grc' dir='ltr'>(ι</span> <span class='ocrx_word' id='word_1_304' title='bbox 2194 4103 2361 4144; x_wconf 79' lang='lat' dir='ltr'>satraS.</span> <span class='ocrx_word' id='word_1_305' title='bbox 2381 4115 2404 4136; x_wconf 90' lang='lat'>»</span> <span class='ocrx_word' id='word_1_306' title='bbox 2422 4101 2471 4142; x_wconf 86' lang='lat'>9·</span> <span class='ocrx_word' id='word_1_307' title='bbox 2489 4100 2670 4140; x_wconf 76' lang='lat' dir='ltr'>Baeada</span> <span class='ocrx_word' id='word_1_308' title='bbox 2691 4113 2707 4140; x_wconf 92' lang='lat'>.·</span> <span class='ocrx_word' id='word_1_309' title='bbox 2726 4100 2896 4141; x_wconf 81' lang='lat' dir='ltr'>balada</span> <span class='ocrx_word' id='word_1_310' title='bbox 2914 4104 3218 4159; x_wconf 68' lang='lat' dir='ltr'>retroqrada,</span> 
     </span>
     <span class='ocr_line' id='line_1_38' title="bbox 936 4170 3217 4231; baseline 0.002 -16"><span class='ocrx_word' id='word_1_311' title='bbox 936 4173 1110 4215; x_wconf 80' lang='lat' dir='ltr'>batada</span> <span class='ocrx_word' id='word_1_312' title='bbox 1145 4183 1232 4228; x_wconf 86' lang='lat' dir='ltr'>per</span> <span class='ocrx_word' id='word_1_313' title='bbox 1260 4172 1525 4227; x_wconf 77' lang='lat' dir='ltr'>dialogum.</span> <span class='ocrx_word' id='word_1_314' title='bbox 1557 4174 1631 4218; x_wconf 81' lang='lat'>100</span> <span class='ocrx_word' id='word_1_315' title='bbox 1659 4173 1921 4218; x_wconf 82' lang='lat' dir='ltr'>Cantilcna</span> <span class='ocrx_word' id='word_1_316' title='bbox 1950 4171 2233 4228; x_wconf 76' lang='lat' dir='ltr'>(chanaon).</span> <span class='ocrx_word' id='word_1_317' title='bbox 2264 4170 2338 4214; x_wconf 82' lang='lat' dir='ltr'>llo</span> <span class='ocrx_word' id='word_1_318' title='bbox 2364 4171 2533 4222; x_wconf 76' lang='lat' dir='ltr'>Campi</span> <span class='ocrx_word' id='word_1_319' title='bbox 2561 4171 2751 4223; x_wconf 68' lang='lat' dir='ltr'>requies.</span> <span class='ocrx_word' id='word_1_320' title='bbox 2788 4171 2862 4215; x_wconf 75' lang='lat'>120</span> <span class='ocrx_word' id='word_1_321' title='bbox 2883 4173 3070 4220; x_wconf 88' lang='lat' dir='ltr'>Poema</span> <span class='ocrx_word' id='word_1_322' title='bbox 3091 4176 3217 4231; x_wconf 85' lang='lat' dir='ltr'>quod</span> 
     </span>
     <span class='ocr_line' id='line_1_39' title="bbox 935 4239 3218 4288; baseline -0.001 0"><span class='ocrx_word' id='word_1_323' title='bbox 935 4242 1070 4288; x_wconf 87' lang='lat' dir='ltr'>Galli</span> <span class='ocrx_word' id='word_1_324' title='bbox 1092 4259 1117 4281; x_wconf 76' lang='grc' dir='ltr'>α</span> <span class='ocrx_word' id='word_1_325' title='bbox 1136 4243 1314 4286; x_wconf 76' lang='lat' dir='ltr'>terrain</span> <span class='ocrx_word' id='word_1_326' title='bbox 1334 4245 1506 4288; x_wconf 76' lang='lat' dir='ltr'>volant</span> <span class='ocrx_word' id='word_1_327' title='bbox 1524 4260 1549 4282; x_wconf 70' lang='lat' dir='ltr'>n</span> <span class='ocrx_word' id='word_1_328' title='bbox 1580 4246 1631 4288; x_wconf 89' lang='lat' dir='ltr'>et</span> <span class='ocrx_word' id='word_1_329' title='bbox 1649 4261 1675 4283; x_wconf 81' lang='grc' dir='ltr'>α</span> <span class='ocrx_word' id='word_1_330' title='bbox 1695 4245 1874 4288; x_wconf 73' lang='lat' dir='ltr'>terrain</span> <span class='ocrx_word' id='word_1_331' title='bbox 1895 4243 2128 4288; x_wconf 87' lang='lat' dir='ltr'>hranlant</span> <span class='ocrx_word' id='word_1_332' title='bbox 2146 4256 2172 4277; x_wconf 72' lang='lat' dir='ltr'>u</span> <span class='ocrx_word' id='word_1_333' title='bbox 2192 4242 2390 4284; x_wconf 87' lang='lat' dir='ltr'>vocant.</span> <span class='ocrx_word' id='word_1_334' title='bbox 2423 4239 2494 4283; x_wconf 81' lang='lat'>130</span> <span class='ocrx_word' id='word_1_335' title='bbox 2512 4240 2884 4284; x_wconf 72' lang='lat' dir='ltr'>Servantasium.</span> <span class='ocrx_word' id='word_1_336' title='bbox 2921 4242 2995 4286; x_wconf 69' lang='lat'>140</span> <span class='ocrx_word' id='word_1_337' title='bbox 3016 4245 3218 4288; x_wconf 83' lang='lat' dir='ltr'>Amato-</span> 
     </span>
     <span class='ocr_line' id='line_1_40' title="bbox 934 4304 3216 4360; baseline -0.002 -5"><span class='ocrx_word' id='word_1_338' title='bbox 934 4311 1063 4355; x_wconf 88' lang='lat' dir='ltr'>rium</span> <span class='ocrx_word' id='word_1_339' title='bbox 1090 4309 1463 4353; x_wconf 70' lang='lat' dir='ltr'>Smantmium.</span> <span class='ocrx_word' id='word_1_340' title='bbox 1495 4310 1568 4355; x_wconf 77' lang='lat'>150</span> <span class='ocrx_word' id='word_1_341' title='bbox 1597 4313 1647 4353; x_wconf 85' lang='lat' dir='ltr'>ct</span> <span class='ocrx_word' id='word_1_342' title='bbox 1678 4310 1751 4354; x_wconf 77' lang='lat'>160</span> <span class='ocrx_word' id='word_1_343' title='bbox 1782 4310 2017 4353; x_wconf 84' lang='lat' dir='ltr'>Poemata</span> <span class='ocrx_word' id='word_1_344' title='bbox 2047 4306 2225 4360; x_wconf 88' lang='lat' dir='ltr'>gallice</span> <span class='ocrx_word' id='word_1_345' title='bbox 2254 4320 2279 4344; x_wconf 77' lang='grc' dir='ltr'><strong>α</strong></span> <span class='ocrx_word' id='word_1_346' title='bbox 2309 4304 2375 4348; x_wconf 89' lang='lat' dir='ltr'>lai</span> <span class='ocrx_word' id='word_1_347' title='bbox 2406 4318 2432 4342; x_wconf 68' lang='lat' dir='ltr'>n</span> <span class='ocrx_word' id='word_1_348' title='bbox 2459 4304 2548 4357; x_wconf 85' lang='lat'>(15)</span> <span class='ocrx_word' id='word_1_349' title='bbox 2575 4305 2624 4346; x_wconf 81' lang='lat' dir='ltr'>et</span> <span class='ocrx_word' id='word_1_350' title='bbox 2651 4320 2675 4342; x_wconf 71' lang='grc' dir='ltr'><strong>α</strong></span> <span class='ocrx_word' id='word_1_351' title='bbox 2705 4304 2879 4350; x_wconf 84' lang='lat' dir='ltr'>virelai</span> <span class='ocrx_word' id='word_1_352' title='bbox 2903 4323 2928 4344; x_wconf 71' lang='lat' dir='ltr'>n</span> <span class='ocrx_word' id='word_1_353' title='bbox 2956 4309 3050 4360; x_wconf 85' lang='grc'><strong>(16)</strong></span> <span class='ocrx_word' id='word_1_354' title='bbox 3069 4310 3216 4352; x_wconf 82' lang='lat' dir='ltr'>dicta.</span> 
     </span>
     <span class='ocr_line' id='line_1_41' title="bbox 935 4369 3213 4431; baseline 0 -15"><span class='ocrx_word' id='word_1_355' title='bbox 935 4376 1011 4420; x_wconf 77' lang='lat'>170</span> <span class='ocrx_word' id='word_1_356' title='bbox 1032 4376 1299 4429; x_wconf 70' lang='lat' dir='ltr'>Rhymmus</span> <span class='ocrx_word' id='word_1_357' title='bbox 1316 4377 1531 4419; x_wconf 67' lang='lat' dir='ltr'>adamas</span> <span class='ocrx_word' id='word_1_358' title='bbox 1550 4374 1830 4431; x_wconf 74' lang='lat' dir='ltr'>(annexes).</span> <span class='ocrx_word' id='word_1_359' title='bbox 1855 4375 1928 4419; x_wconf 80' lang='lat'>180</span> <span class='ocrx_word' id='word_1_360' title='bbox 1947 4374 2220 4427; x_wconf 70' lang='lat' dir='ltr'>Rhymmus</span> <span class='ocrx_word' id='word_1_361' title='bbox 2243 4375 2482 4412; x_wconf 67' lang='lat' dir='ltr'>catenatus</span> <span class='ocrx_word' id='word_1_362' title='bbox 2504 4369 2822 4423; x_wconf 77' lang='lat' dir='ltr'>(enchainee).</span> <span class='ocrx_word' id='word_1_363' title='bbox 2852 4373 2922 4417; x_wconf 82' lang='lat'>19·</span> <span class='ocrx_word' id='word_1_364' title='bbox 2942 4376 3213 4430; x_wconf 67' lang='lat' dir='ltr'>Rhymmus</span> 
     </span>
     <span class='ocr_line' id='line_1_42' title="bbox 935 4436 2565 4496; baseline -0.002 -12"><span class='ocrx_word' id='word_1_365' title='bbox 935 4443 1195 4495; x_wconf 65' lang='lat' dir='ltr'>implicitus</span> <span class='ocrx_word' id='word_1_366' title='bbox 1213 4443 1542 4496; x_wconf 79' lang='lat' dir='ltr'>(entrelacee).</span> <span class='ocrx_word' id='word_1_367' title='bbox 1563 4445 1640 4488; x_wconf 74' lang='lat'>‘20⁰</span> <span class='ocrx_word' id='word_1_368' title='bbox 1662 4443 1932 4495; x_wconf 72' lang='lat' dir='ltr'>Rhymmus</span> <span class='ocrx_word' id='word_1_369' title='bbox 1956 4445 2214 4483; x_wconf 69' lang='lat' dir='ltr'>coronatus</span> <span class='ocrx_word' id='word_1_370' title='bbox 2234 4436 2565 4489; x_wconf 79' lang='lat' dir='ltr'>(couronnec).</span> 
     </span>
    </p>

    <p class='ocr_par' dir='ltr' id='par_1_9' title="bbox 936 4502 3211 4618">
     <span class='ocr_line' id='line_1_43' title="bbox 991 4502 3211 4564; baseline 0 -13"><span class='ocrx_word' id='word_1_371' title='bbox 991 4509 1055 4551; x_wconf 83' lang='lat' dir='ltr'>X.</span> <span class='ocrx_word' id='word_1_372' title='bbox 1078 4531 1131 4539; x_wconf 94' lang='lat'>—</span> <span class='ocrx_word' id='word_1_373' title='bbox 1152 4509 1221 4552; x_wconf 84' lang='lat' dir='ltr'>Dc</span> <span class='ocrx_word' id='word_1_374' title='bbox 1239 4510 1605 4564; x_wconf 64' lang='grc' dir='ltr'>ηιοναιίιαιίὸω,</span> <span class='ocrx_word' id='word_1_375' title='bbox 1627 4507 1891 4552; x_wconf 72' lang='lat' dir='ltr'>comoediis</span> <span class='ocrx_word' id='word_1_376' title='bbox 1927 4508 2032 4563; x_wconf 82' lang='lat' dir='ltr'>(pro</span> <span class='ocrx_word' id='word_1_377' title='bbox 2061 4521 2087 4544; x_wconf 74' lang='grc' dir='ltr'><strong>α</strong></span> <span class='ocrx_word' id='word_1_378' title='bbox 2108 4506 2268 4548; x_wconf 74' lang='lat' dir='ltr'>farces</span> <span class='ocrx_word' id='word_1_379' title='bbox 2295 4502 2351 4556; x_wconf 81' lang='lat'><strong>›&gt;)‚</strong></span> <span class='ocrx_word' id='word_1_380' title='bbox 2381 4502 2637 4556; x_wconf 64' lang='lat' dir='ltr'>mysteriis,</span> <span class='ocrx_word' id='word_1_381' title='bbox 2671 4505 2893 4559; x_wconf 66' lang='lat' dir='ltr'>cronicis,</span> <span class='ocrx_word' id='word_1_382' title='bbox 2931 4507 3211 4559; x_wconf 66' lang='lat' dir='ltr'>romanicis,</span> 
     </span>
     <span class='ocr_line' id='line_1_44' title="bbox 936 4576 1168 4618; baseline 0.004 -1"><span class='ocrx_word' id='word_1_383' title='bbox 936 4576 1168 4618; x_wconf 65' lang='lat' dir='ltr'>historiis.</span> 
     </span>
    </p>

    <p class='ocr_par' dir='ltr' id='par_1_10' title="bbox 988 4646 2866 4709">
     <span class='ocr_line' id='line_1_45' title="bbox 988 4646 2866 4709; baseline -0.003 -13"><span class='ocrx_word' id='word_1_384' title='bbox 988 4653 1046 4707; x_wconf 88' lang='grc'>(1)</span> <span class='ocrx_word' id='word_1_385' title='bbox 1067 4652 1326 4708; x_wconf 70' lang='lat' dir='ltr'>Epitaphea</span> <span class='ocrx_word' id='word_1_386' title='bbox 1344 4655 1410 4698; x_wconf 79' lang='lat' dir='ltr'>du</span> <span class='ocrx_word' id='word_1_387' title='bbox 1426 4666 1517 4709; x_wconf 71' lang='lat' dir='ltr'>roy</span> <span class='ocrx_word' id='word_1_388' title='bbox 1536 4654 1695 4697; x_wconf 69' lang='lat' dir='ltr'>Leuis.</span> <span class='ocrx_word' id='word_1_389' title='bbox 1715 4674 1769 4684; x_wconf 91' lang='lat'>—</span> <span class='ocrx_word' id='word_1_390' title='bbox 1799 4651 1982 4695; x_wconf 62' lang='lat' dir='ltr'>Traia&amp;</span> <span class='ocrx_word' id='word_1_391' title='bbox 2001 4648 2227 4693; x_wconf 74' lang='lat' dir='ltr'>touchant</span> <span class='ocrx_word' id='word_1_392' title='bbox 2246 4647 2286 4691; x_wconf 80' lang='lat' dir='ltr'>le</span> <span class='ocrx_word' id='word_1_393' title='bbox 2305 4651 2451 4701; x_wconf 69' lang='lat' dir='ltr'>mnpae</span> <span class='ocrx_word' id='word_1_394' title='bbox 2471 4647 2527 4688; x_wconf 76' lang='lat' dir='ltr'>de</span> <span class='ocrx_word' id='word_1_395' title='bbox 2550 4646 2866 4692; x_wconf 71' lang='lat' dir='ltr'>maintenam.</span> 
     </span>
    </p>
   </div>
   <div class='ocr_carea' id='block_1_5' title="bbox 3450 3937 3462 4497">
    <p class='ocr_par' dir='ltr' id='par_1_11' title="bbox 3450 3937 3462 4497">
     <span class='ocr_line' id='line_1_46' title="bbox 3450 3937 3462 4497; baseline 0 0"><span class='ocrx_word' id='word_1_396' title='bbox 3450 3937 3462 4497; x_wconf 95' lang='lat' dir='ltr'> </span> 
     </span>
    </p>
   </div>
  </div>
 </body>
</html>
