3561 5729
1875 652 2196 715 -48-

906 803 1142 868 autem
1171 799 1593 884 syllabarum
1626 798 1989 866 continuos
2022 818 2291 881 versus,
2329 798 2629 866 heroicis
2658 797 3090 887 poematibus
3121 815 3163 864 a

908 913 1267 981 Ronsardo
1318 911 1509 1001 prius
1561 911 1940 978 destinatos
1992 930 2198 996 quam
2251 911 2494 977 Franci
2543 928 2738 977 arma
2784 910 2932 996 ipse
2985 909 3164 976 cele·

907 1027 1165 1108 braret,
1198 1026 1414 1112 epicis
1442 1027 1651 1092 rebus
1683 1025 1988 1093 maxime
2027 1025 2314 1093 idoneos
2348 1043 2500 1091 esse
2523 1025 2824 1111 judicat;
2864 1043 3052 1108 nam,
3088 1025 3161 1091 ut

904 1143 1027 1223 ait,
1066 1141 1305 1207 decem
1339 1139 1764 1224 syllabarum
1794 1143 2014 1206 metro
2043 1139 2322 1207 brevior
2359 1158 2601 1206 cursus
2635 1141 2761 1205 est.

994 1256 1186 1331 Quod
1218 1256 1305 1322 ad
1339 1252 1743 1344 rhythmum
1778 1255 2049 1337 attinet,
2093 1274 2298 1340 quem
2332 1260 2556 1340 poetae
2590 1253 2868 1338 quidam
2905 1251 2988 1340 (l)
3023 1270 3159 1319 non

905 1369 1374 1437 necessarium
1404 1387 1558 1436 esse
1588 1368 2119 1452 contendebant,
2153 1387 2292 1435 non
2316 1369 2520 1435 modo
2548 1386 2705 1435 eum
2733 1386 2873 1434 non
2898 1365 3157 1433 aboleri

907 1484 1098 1565 velit,
1149 1483 1270 1550 sed
1309 1482 1543 1565 etiam,
1583 1502 1738 1550 cum
1791 1482 2055 1549 nullum
2112 1482 2200 1549 sit
2247 1482 2427 1548 inter
2461 1499 2738 1570 prosam
2777 1480 3157 1547 orationem

906 1611 992 1660 ac
1028 1592 1293 1679 poesim
1341 1592 1771 1659 manifestius
1807 1591 2206 1673 discrimen,
2244 1592 2518 1658 vatibus
2560 1591 2829 1672 suadet,
2867 1593 2942 1657 ut
2974 1589 3161 1656 locu-

910 1707 1326 1798 pletissimos
1349 1703 1707 1795 rhythmos
1736 1707 2133 1792 exquirant3
2169 1707 2353 1773 haud
2387 1707 2685 1774 absurde
2714 1706 2900 1773 enim
2925 1690 3161 1772 scribit

908 1821 1163 1903 minus,
1198 1820 1488 1888 sublatis
1515 1817 1888 1909 rhythmis,
1926 1820 2104 1886 inter
2138 1822 2502 1904 utrumque
2535 1838 2759 1904 genus
2796 1819 3153 1897 interesse,

904 1951 1113 2018 quam
1149 1936 1222 1999 ut
1272 1932 1452 1999 hanc
1496 1932 1626 1998 sibi
1673 1931 2023 1999 licentiam
2058 1933 2284 2021 poetae
2326 1912 2679 1997 vindicare
2717 1930 2945 1997 liceat.
2998 1930 3159 1996 Car·-

905 2050 1095 2116 mina
1161 2050 1565 2116 Latinorum
1627 2048 1765 2116 ritu
1816 2048 2094 2115 condita
2141 2066 2281 2115 non
2323 2048 2631 2114 funditus
2682 2046 2987 2133 respuit,
3038 2045 3157 2112 sed

901 2163 1379 2249 scrupulosam
1442 2180 1590 2229 rem
1652 2181 1808 2229 esse
1868 2181 1952 2230 ac
1998 2163 2351 2248 spinosam
2417 2162 2834 2245 arbitratur;
2900 2186 2935 2223 «
2963 2179 3156 2242 nam,

901 2275 1158 2360 inquit,
1207 2277 1489 2342 brevem
1537 2276 1910 2360 longamve
1964 2275 2391 2360 syllabarum
2442 2276 2584 2341 vim
2632 2276 3159 2340 observaremus

903 2390 1288 2475 oportebat,
1327 2388 1395 2454 et
1428 2389 1676 2454 breves
1710 2387 1987 2455 vocales
2036 2389 2167 2455 hoc
2212 2389 2737 2455 consonantium
2773 2386 3159 2453 litterarum

903 2521 1245 2570 concursu
1288 2502 1797 2589 expediremuS,
1846 2502 2094 2587 quibus
2126 2502 2511 2587 saepissime
2550 2502 2934 2586 gravantur
2968 2519 3001 2561 »
3050 2497 3153 2585 (2).

903 2616 1092 2683 Nihil
1124 2616 1210 2682 de
1241 2615 1782 2682 masculinorum
1813 2614 2436 2700 femininorumque
2470 2611 2954 2703 rhythmorum
2997 2608 3160 2676 vici-

904 2728 1035 2796 bus
1077 2727 1327 2812 tradit3
1365 2726 1486 2793 sed
1522 2727 1710 2793 Artis
1747 2727 2039 2812 poeticae
2074 2728 2210 2792 fine
2245 2730 2562 2812 poemata
2599 2725 2920 2810 quaedam
2956 2741 3162 2809 opus-

906 2840 1062 2909 culo
1098 2839 1439 2928 adjungit,
1488 2839 1558 2906 in
1593 2840 1843 2925 quibus
1877 2839 2030 2907 haec
2069 2840 2209 2923 leX,
2250 2858 2606 2925 nunquam
2650 2842 2857 2907 antea
2888 2839 2976 2905 ab
3012 2838 3161 2927 ipso

905 2957 1208 3033 servata,
1245 2972 1515 3021 summo
1549 2953 1777 3021 studio
1808 2955 2213 3021 custoditur.

994 3068 1369 3135 Maximam
1392 3068 1597 3135 totius
1626 3067 1999 3134 voluminis
2025 3071 2290 3157 partem
2315 3068 2402 3134 ad
2424 3067 2620 3134 varia
2648 3066 2878 3154 poesis
2902 3084 3164 3150 genera

906 3179 1231 3248 insumit:
1293 3181 1526 3246 omnia
1590 3199 1828 3267 paene,
1889 3199 2044 3265 quae
2102 3181 2463 3262 describit,
2525 3184 2780 3271 praeter
2840 3181 3157 3261 satiram,

905 3294 1344 3375 comoediam,
1387 3294 1828 3378 tragoediam,
1882 3293 2165 3360 Sibileto
2208 3297 2377 3360 nota
2424 3298 2642 3361 erant.
2692 3296 2786 3361 De
2838 3293 3157 3382 epistula,

907 3409 1153 3492 elegiS,
1206 3408 1853 3494 epigrammatibus,
1888 3408 2154 3493 priores
2188 3409 2457 3475 Artium
2493 3409 2921 3494 poeticarum
2956 3408 3164 3492 scrip·

905 3523 1095 3586 tores
1136 3519 1548 3586 Pelletarius
1581 3537 1705 3606 per
1739 3519 1974 3585 omnia
2016 3520 2326 3603 sequitur
2359 3538 2374 3587 ε
2418 3522 2564 3602 sed,
2603 3540 2761 3587 cum
2796 3521 2881 3586 de
2917 3520 3163 3586 ceteris

907 3633 1342 3723 poematibus
1387 3633 1557 3716 agit,
1595 3631 1889 3699 multum
1922 3650 1964 3698 a
2015 3633 2298 3699 Sibileto
2337 3634 2567 3701 distat.
2616 3634 2684 3701 Si
2732 3635 2798 3700 ei
2834 3633 3159 3712 creditur,

907 3763 1149 3813 omnes
1183 3745 1255 3811 in
1285 3745 1546 3812 sonetto
1585 3762 1829 3810 versus
1862 3744 2259 3828 gravissimi
2295 3745 2432 3811 sint
2464 3748 2735 3829 oportet
2768 3746 3162 3829 nullamque

907 3876 1124 3949 prope
1145 3857 1558 3924 sententiam
1587 3856 1962 3943 patiantur,
1991 3875 2148 3942 quae
2170 3876 2308 3923 non
2337 3858 2424 3923 ad
2457 3858 2916 3946 philosophiae
2945 3858 3163 3924 sontes

910 3973 1254 4061 pertineat
1300 3972 1413 4059 (3).
1473 3974 1619 4039 Hoc
1661 3972 2001 4059 poematis
2050 3990 2298 4056 genus,
2349 3973 2547 4057 quasi
2595 3992 2684 4041 ex
2738 3973 3009 4040 duobus
3055 3969 3160 4036 vel

907 4322 924 4366 ¹
961 4255 1034 4363 (l)t
1053 4254 1426 4312 «Desperiers»
1457 4256 1666 4313 primam
1691 4255 1860 4300 Flacci
1895 4256 2097 4301 satiram
2128 4256 2178 4301 in
2206 4267 2386 4301 versus
2415 4258 2657 4312 rhythmis
2688 4261 2917 4304 carentes
2951 4259 3164 4303 transtu-

928 4333 1011 4366 era
1037 4353 1050 4366 .

962 4399 1021 4455 (2)
1062 4416 1086 4439 α
1107 4400 1147 4444 11
1174 4400 1384 4444 faudrait
1411 4401 1577 4445 savoir
1604 4400 1843 4444 observet
1874 4400 1921 4444 la
1950 4398 2129 4453 longue
2164 4401 2214 4442 et
2245 4399 2414 4444 brieve
2438 4404 2608 4445 nature
2643 4402 2704 4446 do
2738 4413 2829 4445 nos
2856 4402 3092 4457 syllabes,
3118 4403 3166 4444 et

910 4462 1026 4508 bien
1051 4469 1280 4509 acoutrer
1299 4465 1346 4509 la
1368 4467 1509 4518 [acon
1528 4466 1748 4517 vulgaire
1778 4464 2209 4519 d'orthograpbier‚
2241 4467 2290 4507 et
2309 4469 2445 4510 oster
2472 4477 2557 4509 ces
2578 4477 2940 4511 conoul-rences
2960 4468 3021 4511 de
3053 4476 3168 4510 con-

910 4540 1098 4573 sonnes
1118 4532 1167 4573 et
1188 4540 1274 4573 ces
1294 4530 1463 4573 lettres
1484 4531 1694 4574 doubles
1714 4541 1808 4585 que
1829 4530 1927 4574 l'on
1946 4531 2048 4573 met
2066 4540 2122 4572 es
2148 4530 2370 4584 syllabes
2391 4531 2568 4575 breves
2584 4548 2625 4575 n.

961 4605 1026 4661 (3)
1054 4605 1133 4650 «11
1160 4606 1226 4658 (le
1249 4608 1444 4659 sonnet)
1470 4606 1574 4650 doit
1592 4609 1724 4650 estre
1754 4605 2000 4660 elaboure,
2023 4606 2127 4649 doit
2161 4606 2400 4650 resonuer
2423 4617 2484 4650 en
2505 4609 2618 4652 tous
2653 4620 2738 4652 ses
2769 4620 2887 4653 vers
2922 4608 3165 4653 seriense·

911 4675 1061 4729 ment,
1083 4675 1133 4717 et
1151 4673 1256 4716 doit
1274 4675 1405 4716 estre
1425 4674 1566 4729 quasi
1587 4675 1693 4717 tout
1716 4673 2097 4729 philosophique
2117 4683 2181 4716 en
2200 4674 2525 4729 conceptione
2545 4689 2585 4718 ιο.
