3561 5729
1879 596 1960 606 —
2006 560 2236 623 120—-

938 705 1100 771 dum
1149 706 1542 789 corruptam
1588 703 1677 768 ad
1724 701 2091 768 sanitatem
2142 700 2515 767 revocavit.
2568 701 2859 768 Multum
2913 701 3192 785 quidem

937 820 1296 886 Ronsardo
1326 816 1608 897 ademit,
1637 815 1811 881 nihil
1836 834 2050 903 prope
2080 814 2367 881 addidit.

1021 931 1362 1015 Quidquid
1400 940 1631 995 autem
1667 927 1968 994 correxit
1995 930 2062 994 et
2092 927 2509 1010 emendavit,
2540 927 2629 993 ad
2663 927 3191 1012 grammaticam

934 1045 1322 1137 praesertim
1371 1046 1440 1110 et
1491 1044 1579 1110 ad
1629 1042 2208 1127 versificationem
2257 1042 2576 1128 pertinet.
2627 1043 2977 1109 Valkelini
3022 1062 3189 1111 vero

931 1177 1156 1242 neque
1204 1157 1276 1223 in
1339 1174 1656 1223 sermone
1710 1173 1936 1239 neque
1991 1154 2065 1220 in
2125 1154 2443 1221 versibus
2498 1157 2603 1221 est
2654 1154 2941 1239 aliquid,
3006 1155 3189 1238 quod

931 1272 1310 1338 Malherbae
1363 1268 1803 1336 severitatem
1854 1268 2400 1356 praesignificare
2446 1268 2784 1335 videatur.
2839 1270 3192 1337 Interdicit

933 1369 1050 1451 hic
1089 1384 1310 1470 poetis
1352 1382 1576 1467 hiatu3
1624 1381 2037 1448 sententiam
2083 1401 2170 1448 ex
2213 1401 2421 1449 versu
2457 1401 2594 1448 uno
2630 1383 2701 1449 in
2744 1383 3028 1450 alterius
3058 1384 3191 1449 ini-

933 1499 1106 1566 tium
1137 1497 1486 1564 transilire
1521 1499 1704 1563 vetat
1720 1515 1737 1583 3
1770 1496 2039 1563 nullum
2064 1514 2341 1563 carmen
2377 1498 2645 1583 recipit,
2682 1498 2752 1563 in
2774 1517 2908 1582 quo
2933 1499 3192 1566 hemis-

933 1613 1125 1680 tichii
1157 1631 1426 1680 caesura
1454 1630 1734 1679 sensum
1768 1611 1995 1700 ipsum
2024 1630 2164 1677 non
2193 1630 2603 1697 suspensum
2629 1614 2892 1698 teneat3
2922 1613 3190 1679 nullum

936 1729 1184 1814 probat
1235 1724 1663 1814 rhythmim,
1709 1725 1826 1810 qui
1872 1726 2309 1792 teretissimis
2355 1726 2639 1792 auribus
2680 1745 2816 1792 non
2861 1732 3062 1815 aptus
3103 1727 3192 1793 sit

938 1840 1431 1923 oculorumque
1496 1839 1805 1927 ipsorum
1865 1838 2234 1905 artissimae
2298 1838 2621 1923 religioni
2697 1858 2838 1905 non
2895 1840 3184 1923 serviat;

936 1973 1213 2021 omnem
1248 1953 1544 2036 denique
1572 1953 1943 2018 verborum
1967 1951 2433 2018 inversionem
2469 1972 2555 2018 ex
2577 1953 2848 2038 poetico
2868 1972 3189 2020 sermone

936 2068 1262 2136 excludit.
1299 2068 1578 2134 Nullam
1613 2068 1846 2132 autem
1881 2085 1968 2132 ex
1999 2066 2110 2132 his
2139 2066 2414 2150 legibus
2458 2086 2502 2133 a
2548 2067 2916 2134 Valkelino
2955 2087 3192 2135 serva·
3320 2158 3323 2161 Α

935 2187 1077 2249 tam
1107 2200 1261 2247 esse
1296 2200 1460 2247 vere
1495 2180 1629 2246 dici
1660 2182 1907 2268 potest.

1025 2293 1311 2359 Etiamsi
1351 2294 1571 2359 totum
1613 2291 1829 2358 nostri
1872 2294 2096 2380 poetae
2149 2310 2322 2377 opus
2363 2292 2436 2359 in
2484 2292 2655 2359 duas
2698 2297 2928 2378 partes
2976 2293 3190 2359 dividi

940 2408 1313 2490 oporteret,
1384 2423 1675 2489 quarum
1744 2404 1966 2469 altera
2029 2404 2371 2470 Ronsardi
2428 2405 2794 2471 imitationi
2857 2406 3193 2472 concede-

939 2524 1153 2604 retur,
1190 2520 1410 2586 altera
1437 2538 1630 2601 ver0,
1670 2518 1914 2586 Satirae
1939 2518 2203 2585 scilicet
2230 2522 2299 2585 et
2317 2522 2450 2585 Ars
2468 2519 2764 2604 poetica,
2804 2539 2847 2587 a
2876 2521 3191 2604 magistri

939 2635 1255 2719 vestigiis
1296 2633 1652 2719 paululum
1705 2632 2109 2714 declinaret,
2160 2651 2300 2700 non
2348 2633 2632 2700 dubium
2666 2637 2794 2716 est,
2836 2634 3004 2719 quin
3040 2635 3194 2702 haec

939 2751 1092 2835 ipsa
1123 2748 1212 2814 ad
1237 2766 1501 2813 meram
1531 2745 1873 2811 Ronsardi
1903 2745 2338 2830 disciplinam
2373 2746 2733 2831 pertineat.
2774 2747 3016 2814 Hiatus
3050 2747 3198 2814 mit-

937 2871 1192 2944 tamuS,
1247 2880 1419 2946 quos
1460 2879 1802 2945 nusquam
1837 2860 2018 2927 cavit
2056 2877 2070 2927 :
2107 2860 2492 2946 saepissime
2533 2861 2603 2927 in
2637 2861 2788 2950 ipsa
2821 2864 2986 2929 Arte
3013 2864 3091 2928 fit
3126 2867 3197 2929 ut

940 2998 1211 3060 sensuS,
1267 2997 1469 3062 quem
1519 2977 1878 3066 proximus
1923 2996 2165 3044 versus
2207 2996 2424 3061 usque
2464 2977 2553 3043 ad
2606 2980 2813 3044 finem
2856 2997 2996 3045 non
3039 2998 3196 3064 per-

938 3093 1158 3175 duxit,
1204 3093 1276 3159 in
1319 3092 1578 3178 primas
1621 3091 1908 3157 alterius
1951 3091 2276 3157 carminis
2314 3090 2618 3176 syllabas
2660 3092 3034 3162 relabatur.
3084 3095 3195 3160 In-

926 3208 1232 3274 'numera
1260 3208 1418 3272 sunt
1451 3205 1771 3293 exempla
1800 3220 1817 3271 τ

1119 3354 1235 3422 S’il
1268 3355 1547 3420 marche
1583 3353 2026 3438 dedaigneux
2053 3371 2181 3441 par
2212 3354 2454 3420 dessus
2484 3353 2585 3420 les
2614 3354 2945 3439 plancons

1119 3471 1251 3536 Des
1280 3469 1462 3535 aires
1493 3467 1662 3555 (Lib.
1699 3468 1748 3555 I)

1121 3630 1965 3649 ........
2062 3581 2145 3645 Et
2180 3578 2535 3647 s’Homere
2569 3579 2617 3645 il
2654 3579 2954 3646 seconde

1123 3696 1223 3761 En
1254 3713 1386 3778 age
1425 3693 1596 3780 (Lib.
1638 3696 1710 3780 I).

1124 3811 1216 3874 Le
1238 3808 1580 3892 jardinier
1609 3805 1843 3872 fasche
1878 3807 1964 3872 de
1999 3806 2151 3873 voir
2182 3807 2284 3873 les
2319 3806 2513 3891 pieds
2543 3807 2875 3891 superbes

1123 3924 1217 3988 De
1247 3942 1324 3989 ce
1358 3921 1645 3988 hautain
1679 3920 1847 4006 (Lib.
1889 3921 1993 4007 ΙΙ).

945 4072 1375 4139 Hemistichii
1423 4089 1712 4139 caesurae
1755 4071 1928 4137 nihil
1972 4072 2094 4137 fixi
2135 4071 2439 4155 certique
2483 4075 2610 4148 est,
2657 4072 3023 4156 quominus
3060 4090 3202 4138 una

911 4187 1251 4271 ,qualibet
1283 4207 1369 4252 ex
1396 4187 1714 4253 omnibus
1751 4205 1997 4253 versus
2027 4188 2312 4271 syllabis
2341 4187 2637 4253 insideat
2672 4203 2687 4253 :

1036 4339 1137 4402 En
1169 4355 1618 4424 recompence
1655 4338 1703 4402 il
1739 4337 1862 4403 fait
1891 4337 2222 4404 memoire
2252 4339 2337 4402 de
2373 4340 2728 4405 Rembaud
2772 4339 2940 4425 (Lib.
2980 4338 3058 4426 Ι).

1037 4451 1209 4516 Mais
1243 4451 1485 4538 depuis
1521 4451 1604 4517 ils
1643 4469 1718 4517 se
1752 4455 1907 4517 sont
1938 4451 2115 4536 polis
2145 4453 2187 4518 a
2217 4452 2609 4537 l'avantage
2639 4452 2806 4540 (Lib.
2845 4456 2949 4542 11).

1036 4564 1266 4635 Lucile
1297 4584 1341 4630 a
1375 4565 1589 4630 Rome
1621 4566 1779 4632 mist
1812 4565 1881 4631 la
1921 4566 2238 4633 nouvelle
2274 4586 2361 4632 en
2393 4567 2683 4634 lumiere
2726 4568 2898 4654 (Lib.
2935 4569 3039 4652 ΙΙ).
