3561 5729
1871 640 2188 701 —60—

1041 789 1123 853 Et
1155 786 1443 853 l'ombre
1469 787 1592 854 des
1625 786 1955 867 maisons,
1990 786 2114 853 des
2140 788 2333 853 tours
2357 789 2426 853 et
2458 786 2581 852 des
2610 785 2984 851 chasteaux

1038 899 1228 966 Cette
1258 917 1390 965 eau
1416 897 1537 983 luy
1569 902 1967 984 represente
1997 916 2088 965 au
2123 896 2354 964 cristal
2386 897 2472 961 de
2501 915 2613 963 ses
2647 915 2827 963 eaux
2864 912 2880 962 ε

1039 1012 1092 1078 Il
1124 1012 1430 1096 s'esjouit
1456 1013 1541 1079 de
1577 1013 1729 1078 voir
1758 1031 1891 1097 que
1920 1012 2148 1078 l'onde
2183 1011 2301 1095 luy
2334 1013 2611 1099 raporte

1037 1129 1175 1194 Par
1199 1147 1293 1195 un
1324 1126 1575 1194 double
1604 1127 1846 1217 plaisir
1875 1146 1991 1193 ces
2020 1126 2346 1193 foresten
2379 1125 2449 1191 la
2482 1128 2666 1192 sorte
2702 1141 2716 1189 :

1038 1243 1211 1308 Tout
1234 1239 1410 1307 ainsi
1446 1240 1510 1307 le
1542 1243 1741 1330 poete
1768 1260 1856 1307 en
1886 1260 1998 1307 ses
2036 1258 2196 1306 vers
2227 1239 2460 1305 ravira

1039 1357 1176 1422 Par
1208 1356 1438 1421 divers
1473 1358 1925 1444 passe-temps
1963 1354 2164 1439 celuy
2198 1354 2313 1439 qui
2342 1353 2444 1420 168
2474 1353 2631 1436 lira,

1040 1467 1488 1536 Esmerveille
1519 1469 1604 1535 de
1635 1469 1789 1535 voir
1820 1472 1969 1535 tant
2002 1468 2087 1534 de
2123 1469 2369 1534 choses
2399 1467 2455 1534 si
2485 1466 2702 1534 belles

1040 1582 1139 1647 En
1175 1600 1285 1647 868
1317 1600 1474 1646 vers
1511 1581 1926 1666 repeignant
1957 1580 2058 1646 les
2089 1578 2335 1646 choses
2365 1577 2766 1659 naturelleS,

1039 1696 1121 1761 Et
1154 1696 1239 1761 (16
1273 1696 1426 1761 voir
1455 1713 1579 1761 son
1606 1695 1823 1780 esprit
1856 1695 1941 1760 de
1971 1713 2050 1760 ce
2081 1695 2332 1760 monde
2363 1692 2637 1758 distrait

1038 1810 1249 1875 Mirer
1279 1810 1441 1875 d’un
1471 1812 1666 1875 autre
1693 1809 1944 1875 monde
1978 1828 2071 1875 un
2101 1812 2297 1874 autre
2332 1809 2510 1874 beau
2535 1806 2848 1893 portrait.

904 1987 1163 2064 Quibus
1198 1987 1270 2051 in
1299 1986 1615 2053 versibus
1643 1987 1828 2052 hunc
1851 1986 2045 2052 latini
2081 1985 2419 2071 poematis
2446 1985 2675 2052 locum
2705 2001 2920 2069 prope
2946 1986 3167 2048 trans-

908 2101 1203 2190 criptum
1240 2119 1391 2166 esse
1432 2104 1721 2186 apparet
1759 2116 1773 2166 :

1036 2260 1176 2327 Ceu
1208 2279 1364 2327 cum
1402 2260 1573 2325 sorte
1610 2261 1776 2325 olim
1811 2260 2063 2348 placidi
2101 2259 2559 2344 liquidissima
2592 2258 2781 2348 ponti

1037 2377 1346 2459 AEquora
1381 2376 1609 2440 vicina
1637 2380 1902 2460 spectat
1935 2374 2018 2440 de
2050 2394 2219 2460 rupe
2255 2375 2503 2455 viator,

1034 2491 1324 2555 Tantum
1362 2489 1461 2554 illi
1494 2491 1804 2573 subjecta
1837 2489 2054 2555 oculis
2090 2494 2192 2554 est
2230 2488 2506 2554 mobilis
2542 2487 2763 2573 und-«13

1038 2603 1161 2669 Ille
1186 2606 1417 2668 tamen
1448 2603 1660 2669 silvas
1699 2603 2310 2687 interquevirentia
2344 2604 2545 2690 prata

1038 2716 1421 2801 Inspiciens
1456 2715 1769 2795 miratur,
1808 2735 2009 2800 aquae
2044 2735 2199 2800 quae
2233 2716 2468 2801 purior
2503 2716 2751 2780 humor

1038 2828 1300 2895 Cuncta
1337 2828 1568 2910 refert,
1608 2832 1980 2915 captosque
2012 2828 2227 2895 eludit
2261 2827 2566 2914 imagine
2601 2827 2791 2894 visus
2826 2843 2840 2891 :

1036 2943 1188 3008 Non
1222 2943 1425 3008 aliter
1458 2947 1651 3009 vates
1686 2962 1868 3009 1111116
1894 2943 2027 3008 11116
2061 2943 2422 3009 traducere
2454 2945 2720 3009 mentes

1037 3057 1236 3122 Nunc
1271 3056 1460 3137 illuc,
1499 3056 1886 3140 animisque
1923 3055 2277 3140 legentum
2312 3075 2663 3142 apponere
2693 3059 2949 3141 gaudet

1037 3171 1360 3236 Diversas
1394 3189 1628 3236 rerum
1657 3171 1950 3255 specieS‚
1984 3171 2147 3236 dum
2183 3170 2393 3237 taedia
2426 3171 2598 3237 vitat
2623 3170 2730 3258 (1).

996 3334 1151 3399 Non
1185 3333 1462 3417 longius
1529 3336 1763 3417 patent
1825 3350 1910 3398 ea
1965 3350 2121 3418 quae
2180 3332 2588 3399 Valkelinus
2636 3352 2725 3399 ex
2771 3334 2971 3400 Vidae
3007 3337 3169 3400 Arte

907 3446 1178 3533 poetica
1221 3446 1290 3511 in
1334 3465 1531 3512 8116111
1574 3445 1925 3511 transtulit
1977 3462 1990 3511 :
2047 3446 2279 3530 itaque
2332 3446 2466 3511 dici
2525 3450 2750 3531 potest
2806 3447 2878 3512 in
2927 3446 3171 3531 figuris

905 3560 1319 3645 quibusdam
1354 3564 1421 3625 61
1456 3559 1802 3624 scribendi
1835 3559 2258 3625 ornamentis
2289 3563 2503 3625 totam
2538 3562 2801 3627 versari
2844 3561 3170 3627 imitatio-

905 3692 1085 3739 nem.
1140 3673 1332 3748 Quod
1368 3673 1455 3737 ad
1494 3676 1865 3759 praecepta,
1905 3672 1990 3736 ad
2037 3671 2257 3755 leges,
2295 3671 2383 3737 ad
2431 3673 2720 3755 poeticae
2759 3673 2930 3740 artis
2977 3673 3166 3757 quasi

905 3787 1153 3854 silvam
1204 3789 1272 3852 61
1319 3785 1679 3851 materiem
1723 3789 2011 3875 spectat,
2057 3786 2228 3851 nihil
2278 3804 2564 3871 prorsus
2615 3789 2703 3853 ab
2749 3788 2924 3854 Italo
2971 3793 3170 3876 poeta

907 3901 1146 3970 Gallus
1193 3898 1589 3984 assumpsit.
1647 3900 1751 3964 Ab
1801 3900 2085 3964 Horatio
2146 3903 2215 3965 et
2262 3900 2631 3967 Aristotele
2688 3902 3020 3987 quidquid
3084 3900 3167 3966 ad

907 4017 1132 4102 ipsam
1179 4015 1410 4104 poesis
1443 4014 1820 4080 medullam
1865 4014 2185 4103 pertinet,
2234 4015 2810 4099 diligentissimus
2861 4021 3169 4083 veterum

908 4126 1315 4211 discipuluS‚
1349 4125 1731 4191 arcessivit.

1001 4238 1227 4304 Flacci
1264 4241 1396 4303 Ars
1426 4236 1698 4322 poetica
1729 4240 1798 4302 et
1827 4236 2146 4321 quaedam
2181 4237 2492 4321 ejusdem
2521 4239 2840 4324 epistulae
2876 4240 3171 4326 plurima

915 4349 981 4417 ei
1018 4347 1563 4424 obtuleruntvel
1613 4347 2026 4413 documenta
2066 4348 2151 4414 de
2195 4349 2460 4416 Graecae
2508 4351 2908 4436 Latinaeque
2944 4354 3172 4436 poesis

917 4462 1233 4543 historia,
1282 4460 1391 4526 vel
1438 4467 1789 4546 praecepta
1823 4461 1911 4527 ad
1964 4461 2240 4528 diversa
2287 4463 2636 4530 scribendi
2678 4483 2945 4549 genera
2985 4474 3169 4551 apta,

963 4680 1029 4736 (1)
1058 4681 1173 4726 vid.
1194 4681 1290 4726 An
1305 4686 1448 4736 poet„
1466 4680 1551 4736 111,
1569 4680 1642 4725 64.
